2955 3681
1496 111 1560 157 ‘74

319 261 677 307 &suetudinem
705 258 987 320 posteriorum
1014 266 1258 315 temporum
1284 255 1548 299 confirmant.
1604 255 1715 298 Nam
1743 264 1794 299 ut
1821 259 2055 301 concedam
2074 266 2285 303 oratorem
2305 259 2364 302 ita
2382 259 2499 318 loqui
2517 260 2719 318 potuisse,

320 334 359 379 si
387 333 530 379 dicere
557 331 767 377 voluisset
796 328 904 375 ’ἶσα
928 325 1027 385 ἔχον
1050 323 1111 373 ω’
1137 320 1229 372 ἅνω
1253 330 1348 379 τοῖς
1374 323 1508 382 κάτω,
1533 324 1628 383 τῆν
1654 331 2043 382 γυναικωνῖτιν
2068 330 2131 389 τῇ
2159 327 2546 388 ἀνδρωνίτιδι,
2576 346 2717 376 nonne

322 405 461 450 multo
488 405 656 464 planior
682 409 749 448 est
777 402 887 446 haec
925 401 1156 446 verborum
1193 400 1485 459 interpretatio
1513 416 1524 444 z
1555 399 1727 457 Duplex
1759 400 1785 443 i.
1815 415 1853 443 e.
1884 397 2106 458 διόροφος
2146 403 2298 447 domus
2338 403 2439 447 mihi
2476 412 2565 455 est,
2604 418 2718 462 quae

317 492 469 522 omnes
518 474 749 533 superioris
800 472 1128 530 contignationis
1170 479 1317 529 partes
1360 472 1560 528 aequales
1600 471 1726 515 habet
1766 470 1951 515 inferiori
1994 472 2138 515 domui
2181 488 2338 531 easque
2379 490 2462 519 non
2506 475 2633 519 modo
2674 475 2718 518 in

321 546 648 606 gynaeconitide
701 544 786 600 (ibi
827 544 941 588 enim
983 544 1115 601 vulgo
1154 544 1346 602 superior
1388 543 1650 599 contignatio
1693 549 1912 586 exstructa
1954 543 2099 599 erat),
2149 544 2225 587 sed
2267 545 2393 590 etiam
2437 547 2478 590 in
2523 546 2717 590 androni-

321 620 409 664 tide
463 619 571 675 (cui
611 618 745 676 vulgo
786 617 978 674 superior
1029 616 1288 672 contignatio
1341 615 1537 669 imposita
1580 629 1663 657 non
1714 614 1850 670 erat).
1884 613 1947 668 ¹⁷)
2016 614 2274 672 Euphiletus
2316 617 2529 674 explicare
2573 618 2717 672 voluit,

316 690 537 749 quomodo
563 689 658 733 fieri
685 689 915 746 potuisset,
958 695 1005 730 ut
1031 694 1203 745 praeter
1230 685 1582 729 consuetudinem
1610 685 1652 728 in
1680 687 1896 744 superiore
1924 687 2262 742 contignatione,
2303 687 2376 730 ubi
2405 689 2534 745 vulgo
2564 691 2718 735 andro-

321 761 418 807 nitis
452 778 538 805 non
577 769 711 811 esset,
751 758 976 802 habitaret.
1034 759 1162 802 Cavit
1192 758 1327 807 enim,
1368 772 1421 800 ne
1448 771 1560 799 uxor
1587 757 1789 800 infantem
1818 757 2044 800 lavandum
2074 757 2168 801 sinu
2196 758 2348 801 fovens
2378 759 2612 817 eademque
2641 777 2718 819 per

321 834 459 878 scalas
490 832 749 877 descendens
774 831 816 874 in
845 831 1085 888 periculum
1115 830 1406 873 adduceretur.
1479 827 1604 880 Quae
1631 829 1826 885 sequitur
1854 844 1996 872 rerum
2026 830 2154 873 series
2182 830 2236 872 ad
2264 829 2375 872 hanc
2405 830 2715 889 interpretatio-

320 920 422 950 nem
462 905 567 948 bene
605 901 879 946 conveniunt.
935 897 1171 954 Δωμάτιον
1206 900 1234 943 i.
1264 915 1300 942 e.
1345 898 1590 942 cubiculum
1636 900 1678 942 in
1725 899 1933 943 inferioris
1980 900 2131 943 domus
2173 909 2294 958 parte
2342 902 2539 946 interiore
2587 905 2715 946 situm

321 968 684 1019 commemoratur
710 988 754 1029 p.
784 977 852 1024 94,
881 973 901 1025 ξ
931 977 985 1014 24
1013 980 1056 1014 et
1084 972 1104 1024 §
1133 972 1185 1013 27
1216 970 1323 1024 (nin
1348 970 1545 1013 interiore
1570 978 1754 1027 parte«,
1785 986 1915 1027 quum
1948 971 2198 1028 Euphiletus
2228 972 2407 1016 abeunte
2437 974 2611 1017 moecho
2638 973 2718 1033 τήν

315 1044 538 1103 μέταυλον
564 1038 716 1103 θύραν
740 1044 814 1088 καὶ
840 1039 915 1100 τήν
941 1037 1118 1087 αὔλειον
1145 1049 1386 1101 crepantem
1416 1041 1599 1084 audierit
1627 1058 1667 1099 p.
1697 1046 1766 1093 93,
1796 1043 1815 1096 ξ
1849 1044 1948 1098 17),
1991 1035 2216 1095 δωμάτιον
2244 1042 2468 1101 superioris
2498 1048 2715 1103 contigna-

321 1121 449 1164 tionis
478 1135 521 1178 p.
552 1122 632 1170 93,
670 1118 690 1172 ξ
723 1119 771 1160 17
801 1114 1100 1174 (nsuperioris
1143 1113 1526 1170 contignationis«,
1569 1128 1666 1155 nam
1708 1114 1962 1171 Euphiletus
2004 1130 2055 1157 eo
2097 1115 2270 1158 consilio
2313 1116 2366 1159 de
2408 1119 2713 1163 consuetudine

319 1191 469 1234 uxoris
499 1205 574 1248 per
603 1190 737 1232 scalas
766 1187 1046 1231 descendendi
1076 1178 1228 1242 (κάτω
1255 1177 1593 1241 καθευδήσουσα
1622 1200 1662 1241 p.
1693 1188 1761 1237 92,
1792 1185 1812 1239 §
1847 1187 1923 1242 10)
1949 1186 2111 1242 judices
2140 1186 2304 1239 docuit,
2348 1197 2396 1230 ut
2423 1188 2715 1245 intelligerent,

316 1278 398 1305 cur
435 1270 561 1305 tunc
598 1261 751 1303 mulier
779 1259 1044 1303 descendens
1074 1259 1354 1316 suspicionem
1385 1256 1461 1299 sibi
1490 1271 1575 1298 non
1605 1257 1844 1311 movisset).
1902 1257 2039 1308 Tum,
2078 1257 2192 1314 quod
2223 1257 2352 1314 vulgo
2379 1257 2420 1301 in
2449 1260 2713 1306 andronitide

320 1334 528 1378 inferioris
548 1333 699 1375 domus
727 1331 820 1375 fieri
848 1331 912 1375 fas
942 1338 1047 1384 erat,
1076 1329 1348 1388 Euphiletus,
1377 1335 1539 1371 mutato
1569 1330 1798 1384 superioris
1828 1337 1872 1372 et
1898 1328 2103 1372 inferioris
2133 1330 2285 1372 domus
2316 1330 2475 1383 ordine,
2504 1333 2713 1388 hospitem

319 1408 364 1449 in
400 1396 593 1461 ὑπερῴῳ
632 1404 825 1460 excepit,
865 1420 907 1460 p.
936 1405 1012 1456 93,
1051 1401 1071 1455 ξ
1103 1405 1155 1443 22
1185 1409 1291 1443 extr.
1336 1393 1601 1454 »ἀναβάντες
1637 1397 1703 1448 εἰς
1737 1398 1789 1442 τὸ
1823 1396 2026 1456 ὑπερῷον
2053 1398 2351 1455 ἐδειπνοῦμεν.
2409 1406 2449 1448 Γ
2446 1407 2715 1455 υναικωνῒτις

317 1478 450 1535 igitur
479 1475 592 1533 apud
620 1475 795 1532 Lysiam
824 1481 874 1517 ut
904 1473 995 1516 aliis
1024 1472 1064 1515 in
1095 1472 1199 1515 locis
1228 1487 1312 1514 non
1352 1472 1560 1527 significat
1594 1472 1736 1513 locum
1776 1472 1968 1521 aedium,
2015 1472 2056 1513 in
2098 1487 2185 1527 quo
2230 1487 2355 1515 nemo
2397 1475 2475 1525 nisi
2517 1476 2712 1520 mulieres

318 1555 525 1597 versetur,
557 1546 632 1590 sed
660 1545 902 1588 interiorem
932 1543 1098 1587 aedium
1130 1552 1292 1599 partem
1309 1574 1320 1593 ‚
1351 1543 1581 1599 penetralia
1614 1543 1766 1584 domus
1794 1543 1893 1596 (das
1920 1542 2269 1600 Familienlzaus),
2298 1543 2340 1588 iu
2371 1544 2492 1601 cujus
2520 1545 2712 1592 inferiore

315 1626 441 1676 parte
470 1618 685 1662 thalamus
714 1615 914 1674 nuptialis
942 1622 1056 1669 erat,
1087 1614 1162 1657 sed
1190 1613 1232 1656 in
1264 1615 1483 1670 superiore
1512 1622 1656 1670 parte,
1701 1622 1925 1670 antequam
1955 1616 2057 1656 ordo
2087 1622 2340 1666 mutaretur,
2385 1616 2543 1668 infans,
2585 1619 2712 1661 immo

317 1689 530 1733 interdum
559 1688 651 1746 ipsa
678 1695 815 1731 mater
844 1682 1179 1744 θηλᾰζουσα
1217 1685 1237 1739 §
1267 1689 1291 1727 9
1321 1700 1419 1727 cum
1450 1684 1612 1727 ancillis
1643 1685 1862 1726 cubuerat.
1894 1685 1975 1737 (cf.
2018 1678 2229 1742 πύργον
2271 1678 2416 1744 οὗπερ
2460 1687 2713 1733 διαιτῶνται

314 1759 367 1805 αἱ
395 1752 701 1817 θεράπαιναι,
739 1759 862 1803 Dem.
891 1758 934 1802 in
962 1757 1123 1814 Euerg.
1155 1765 1198 1800 et
1226 1757 1406 1800 Mnesib.
1437 1772 1476 1813 p.
1511 1759 1640 1807 1156,
1670 1756 1689 1809 §
1720 1759 1805 1811 56.)
1863 1756 1999 1809 Quam
2038 1773 2127 1800 rem
2166 1760 2295 1815 paulo
2332 1760 2544 1818 copiosius
2580 1763 2713 1820 expli.

314 1834 523 1883 cavimus,
553 1847 606 1876 ne
636 1830 884 1876 temeritatis
912 1843 1228 1882 accusaremur,
1259 1829 1415 1887 quippe
1445 1830 1518 1886 qui
1549 1828 1646 1872 viris
1676 1829 1719 1872 in
1750 1828 1815 1871 his
1845 1829 1970 1872 rebus
1999 1845 2162 1874 summa
2191 1831 2442 1875 auctoritate
2471 1833 2608 1891 dignis
2637 1837 2713 1878 ad-

319 1906 475 1950 versati
503 1919 703 1947 essemus.
734 1928 787 1935 —
828 1901 926 1944 Jam
957 1916 1059 1944 vero
1090 1904 1135 1957 2)
1165 1901 1441 1944 Homericum
1470 1900 1715 1943 cubiculum
1744 1900 1932 1956 nuptiale
1962 1916 2062 1943 num
2092 1917 2138 1945 re
2168 1918 2269 1947 vera
2295 1903 2336 1945 in
2367 1906 2582 1962 superiore
2612 1921 2712 1949 con·

315 1978 567 2033 tignatione‚
597 1976 664 2018 vel
694 1984 743 2017 ut
772 1974 1011 2017 Hermanni
1041 1973 1301 2016 accuratiore
1333 1972 1576 2016 definitione
1603 1980 1712 2022 utar,
1745 1987 1873 2028 super
1900 1987 2050 2015 oecum
2081 1974 2269 2017 virorum
2285 1974 2436 2028 (nuber
2455 1976 2531 2018 der
2545 1981 2712 2035 qrqlsen

319 2048 616 2104 Speiselaallea)
645 2054 907 2089 exstructum
935 2045 1065 2087 erat?
1121 2044 1334 2087 Eustathii
1374 2043 1670 2101 interpretatio
1712 2040 1764 2085 τό
1801 2039 2109 2101 ’ὑπερκείμενον
2148 2043 2321 2101 οἴκημα.
2370 2037 2438 2101 ᾦα
2472 2044 2559 2102 γάρ
2600 2046 2710 2091 κατὰ

311 2119 520 2174 γλῶσσαν
556 2114 613 2161 τοὶ
650 2113 865 2172 οἰκήματα
903 2132 940 2158 κ.
970 2132 1009 2158 τ.
1041 2115 1078 2157 λ.
1116 2116 1217 2156 nihil
1256 2116 1534 2157 demonstrat.
1594 2114 1704 2156 Nam
1752 2115 1913 2156 etiamsi
1961 2116 2313 2172 praepositionem
2361 2113 2475 2174 ὑπὲρ
2523 2134 2608 2161 non
2655 2120 2710 2163 ob

318 2191 542 2248 pessimam
583 2188 885 2245 etymologiam
915 2178 1008 2242 (αἶα
1036 2186 1135 2244 [sic]
1165 2187 1253 2243 ipsa
1283 2194 1381 2228 sunt
1408 2186 1624 2228 Laconice
1653 2181 1708 2228 τά
1735 2184 1939 2243 μετέωρα
1965 2189 2052 2229 τῶν
2077 2181 2323 2244 οἰκημάτων
2351 2189 2437 2233 sch.
2471 2189 2626 2234 Venet.
2657 2192 2710 2235 ad

316 2265 377 2314 Π,
402 2261 498 2317 184)
529 2260 772 2319 scripsisset,
803 2260 959 2303 addere
985 2260 1142 2301 oblitus
1168 2266 1245 2309 est,
1276 2272 1403 2313 super
1433 2273 1561 2314 quam
1591 2257 1757 2300 aedium
1784 2266 1945 2314 partem
1974 2257 2024 2302 τὸ
2053 2256 2262 2315 ὑπερῷον
2289 2261 2554 2304 aedificatum
2584 2271 2709 2307 esset.

316 2336 380 2376 At
409 2332 545 2390 ipsius
574 2332 754 2375 Homeri
785 2332 935 2381 verba,
979 2330 1132 2386 quibus
1161 2330 1309 2372 Herm.
1340 2345 1443 2372 usus
1474 2337 1559 2380 est,
1604 2329 1764 2384 reliqua
1791 2337 1903 2372 sunt.
1963 2334 2001 2380 1,
2035 2334 2116 2372 328
2152 2331 2371 2389 Penelope
2412 2328 2710 2389 ὑπερωιόθεν,

314 2404 428 2447 unde
470 2411 643 2446 cantum
679 2401 923 2445 citharistae
961 2401 1204 2451 audiverat,
1245 2398 1438 2453 κλίμακα
1467 2394 1639 2458 ὑψηλήν
1665 2393 1923 2455 κατεβήσετο
1951 2396 2022 2444 οἷο
2053 2397 2212 2455 δόμοιο
2240 2412 2282 2446 et
2311 2418 2443 2460 quum
2475 2405 2527 2446 ad
2557 2420 2710 2460 procos

313 2474 528 2530 venisset,
558 2474 637 2529 στῆ
668 2468 795 2530 παρα
824 2467 1029 2520 σταθμόν
1055 2471 1213 2527 τέγεος.
1271 2472 1453 2515 Easdem
1483 2472 1620 2515 scalas
1648 2468 1716 2521 εἷς
1745 2468 1908 2528 ὑπερῷ’
1937 2466 2140 2527 α’νέβαινε
2169 2473 2406 2517 Minervam
2436 2477 2710 2533 imploratura

317 2549 376 2597 (4,
407 2545 536 2602 760);
566 2550 605 2595 2,
635 2548 716 2588 358
745 2552 892 2602 aperte
921 2539 1100 2588 ὁππότε
1129 2558 1200 2587 κεν
1230 2538 1282 2599 δὴ
1308 2538 1471 2603 Μήτηρ
1501 2539 1566 2593 εἷς
1603 2539 1770 2601 ὑπερῷ’
1800 2537 1942 2604 α’ναβῇ
1979 2544 2169 2590 κοίτου
2203 2562 2253 2589 τε
2291 2544 2480 2605 μέδηται
2518 2549 2613 2593 coll.
2645 2553 2710 2600 19,

313 2621 397 2662 594
426 2633 518 2675 sqq.
574 2618 639 2659 Ibi
667 2619 799 2673 igitur
828 2617 1009 2660 cubabat
1039 2616 1264 2672 Penelope.
1319 2618 1383 2659 At
1420 2631 1559 2674 neque
1599 2616 1679 2658 hoc
1715 2616 1948 2676 Penelopes
1989 2618 2234 2662 cubiculum
2264 2620 2344 2663 fuit
2372 2621 2563 2678 nuptiale
2593 2621 2711 2665 cubi-

313 2689 477 2744 culum,
508 2704 648 2747 neque
668 2689 909 2746 Penelopes
938 2688 1185 2732 cubiculum
1217 2703 1344 2744 super
1373 2703 1524 2731 oecum
1545 2689 1732 2731 virorum
1752 2698 2016 2733 exstructum
2036 2691 2127 2734 fuit.
2156 2692 2283 2743 Nam,
2305 2700 2355 2735 ut
2373 2693 2452 2736 hoc
2471 2694 2711 2749 proximum

317 2763 457 2817 priore
499 2762 593 2803 loco
636 2761 931 2816 exploremus,
972 2761 1006 2802 si
1037 2759 1279 2802 cubiculum
1319 2774 1423 2803 oeco
1465 2760 1651 2802 virorum
1685 2768 2027 2817 superstructum
2062 2761 2236 2814 fuisset,
2285 2770 2438 2819 putare
2479 2773 2709 2820 oporteret,

454 2942 495 2987 ¹⁷)
520 2943 558 2978 Si
587 2944 671 2978 mihi
703 2944 781 2986 qni!
814 2949 966 2987 opponat
990 2957 999 2978 ε
1024 2944 1070 2977 At
1095 2943 1282 2977 dicendum
1306 2932 1487 2980 fuis-zai
1511 2939 1601 2979 κατᾰ
1625 2938 1686 2992 τῆν
1707 2953 1942 2993 γυναικωνῖτιν
1964 2951 2032 2983 καὶ
2056 2943 2147 2982 κατά
2168 2947 2230 2994 τῇν
2254 2945 2371 2999 ἄνδρα
2419 2949 2526 2987 Bene,
2551 2949 2711 2990 inqut„

313 3007 355 3033 tu
374 3002 482 3041 igitur
499 3002 659 3033 Platonis
682 3002 787 3033 verba
801 3001 952 3034 phaedr.
978 3003 1056 3042 235,
1080 3012 1101 3034 a
1126 3004 1205 3037 ἰκαὶ
1230 2996 1271 3052 δὴ
1298 2993 1356 3038 mlv
1374 3015 1435 3054 μοι
1459 2999 1578 3047 ἔδοξεν
1593 3018 1636 3026 -
1653 3018 1693 3026 ·-
1712 3000 1764 3047 δὶς
1787 3006 1839 3040 καὶ
1861 3006 1939 3052 τρὶς
1962 2999 2009 3040 *td
2032 3000 2123 3041 aive}
2137 3010 2322 3053 εἰρῃκέναικ
2347 3011 2478 3039 vertes:
2506 3007 2710 3047 „quinquies

318 3058 408 3091 idem
440 3058 527 3092 mihi
559 3059 672 3092 dicere
705 3061 800 3092 visus
824 3067 911 3091 esu.
958 3060 1064 3099 Quod
1087 3061 1118 3090 si
1140 3069 1208 3090 non
1235 3065 1335 3099 esset,
1358 3059 1576 3092 scribendum
1601 3059 1725 3090 suisset
1746 3063 1800 3096 καὶ
1825 3061 1877 3105 δὶς
1901 3064 1956 3097 καὶ
1978 3064 2054 3110 τρὶς
2077 3067 2115 3095 ut
2138 3060 2226 3096 Phil.
2250 3064 2306 3104 59,
2332 3072 2352 3096 ο
2375 3074 2384 3095 :
2411 3056 2475 3098 nni
2501 3065 2557 3098 καὶ
2581 3062 2635 3108 δὶς
2656 3066 2711 3100 καὶ

315 3118 392 3165 τρὶς
420 3109 464 3151 τό
495 3129 534 3164 γε
566 3115 679 3160 καλεῖς
708 3119 794 3165 lxm·
818 3119 1048 3153 ἐπαναπολιὶν
1072 3116 1123 3152 (ὅ
1143 3112 1238 3165 λόγῳ
1261 3116 1363 3152 δεῖνι
1412 3117 1451 3150 Si
1474 3125 1555 3149 vero
1580 3117 1790 3158 argutiarum
1814 3127 1868 3151 me
1894 3128 2035 3152 accusas
2060 3125 2093 3152 et
2116 3119 2176 3153 illo
2198 3120 2276 3153 loco
2301 3119 2499 3153 vertendum
2522 3131 2599 3154 osse
2622 3122 2709 3155 dicis

319 3172 487 3206 ‚sweimd
516 3173 588 3207 und
615 3173 702 3207 auch
731 3173 889 3207 οἰκίοισι·
922 3176 1081 3215 equidem
1112 3174 1245 3217 Lysiae
1274 3174 1375 3205 verba
1405 3181 1500 3207 verto
1526 3186 1534 3205 :
1561 3174 1619 3206 „in
1642 3173 1700 3205 der
1721 3173 2011 3220 Frauenwoknunq
2033 3175 2104 3209 und
2125 3176 2211 3211 auch
2233 3177 2271 3210 s'n
2293 3176 2353 3210 der
2375 3175 2710 3224 Mimnermi-my·-

317 3228 506 3263 Praeterea
528 3239 607 3262 mea
630 3229 772 3272 quidem
797 3232 969 3264 sententia
991 3230 1197 3274 Euphiletus
1222 3231 1256 3262 in
1281 3231 1549 3273 explicanda
1574 3231 1713 3263 insolita
1737 3230 1856 3265 domus
1880 3243 1963 3264 suae
1987 3234 2124 3265 ratione
2146 3234 2290 3266 insolita
2311 3233 2412 3264 vocis
2433 3240 2708 3284 nyvvmmvrngu

316 3287 353 3317 vi
383 3288 435 3317 uti
466 3296 536 3318 nou
570 3287 690 3319 debuit
720 3287 825 3329 idque
857 3288 1016 3329 fecisset,
1051 3289 1080 3320 si
1109 3286 1245 3329 judices
1276 3288 1540 3331 gynaeconitim
1564 3288 1776 3330 superiorem
1799 3290 2095 3333 contignationem
2118 3295 2240 3332 putare
2263 3290 2445 3331 voluisset,
2478 3301 2583 3333 quum
2605 3293 2709 3335 vulgo

315 3349 410 3376 esset
432 3343 578 3376 interior
600 3344 740 3377 aedium
763 3354 853 3386 pars.
