2955 3681
1445 118 1513 166 48

278 254 362 315 τᾶς
386 260 605 315 κλίμακας
639 260 714 304 καὶ
740 254 905 310 univoci,-
928 254 1033 319 τούς
1056 255 1269 312 βαθμοῠς
1292 259 1381 300 τῶν
1408 253 1635 313 κλιμάκων
1671 262 1779 306 Hes.
1803 262 1849 305 in
1878 277 1918 305 v.
1947 256 2095 321 ῥῶγας
2107 277 2120 314 ;
2160 260 2304 319 glossa
2331 261 2420 304 3²¹⁸·
2448 275 2602 304 manns
2627 261 2673 304 in

281 331 477 390 margine
515 331 610 375 cod.
643 329 913 374 Monacensis
953 324 1032 372 διοὶ
1056 329 1146 372 τῶν
1171 321 1394 383 κλιμάκων
1417 329 1487 387 τῷ
1510 326 1617 383 sotis
1640 327 1853 386 βαθμοῦς
1882 329 1998 388 ἔχειν
2022 329 2375 390 κεχωρισμένους.
2431 332 2485 386 6)
2524 331 2672 388 Apoll.

285 402 416 461 Soph.
435 420 480 462 p.
502 407 570 453 30,
590 407 642 445 28
661 402 728 445 ed.
744 401 880 444 Bekk.
910 399 954 445 οἱ
973 399 1025 444 δὲ
1043 394 1304 460 οἷναρῤοῗγας
1331 395 1427 445 dni
1453 403 1535 445 τοῦ
1555 396 1640 447 dvo?
1671 402 1848 454 στενοῦς
1863 402 2042 456 τόπους.
2083 406 2131 461 6)
2149 404 2380 449 Scholiasta
2397 402 2672 446 Theocriteus

282 476 328 519 in
357 475 423 519 Id.
455 478 517 525 13,
549 477 611 524 13,
642 472 766 529 cujus
785 471 917 517 verba
934 487 1066 531 supra
1083 488 1180 531 pag.
1200 476 1269 525 35,
1289 488 1331 516 v.
1350 476 1377 517 9
1397 488 1489 531 sqq.
1509 474 1826 533 exscripsimus,
1854 474 2002 533 ῥῶγας
2028 470 2335 529 αἰθολόεντας,
2361 474 2397 518 si
2424 491 2507 519 non
2534 475 2685 534 ipsum

283 537 499 592 αἰθαλόεν
534 543 749 602 πέτευρον
782 545 809 588 i.
838 558 875 589 e.
902 542 979 603 τῆν
1007 536 1159 598 δοκόν,
1201 553 1243 589 at
1273 544 1408 590 simile
1437 545 1537 604 quid
1565 545 1721 590 habere
1750 546 1928 591 videtur.
1989 546 2250 593 varietatem
2277 546 2673 607 interpretationum

283 617 555 676 perlustranti
580 616 705 660 facile
735 630 880 660 omnes
908 624 1129 673 suspectae
1157 624 1200 661 et
1224 617 1501 674 interpretum
1531 616 1814 670 divinatione,
1858 618 2018 677 quippe
2056 620 2150 678 qui,
2193 634 2301 677 quae
2343 620 2575 670 nescirent,
2618 633 2672 662 ex

284 690 401 733 vocis
430 689 593 745 origine
624 688 690 731 vel
720 703 773 732 ex
802 687 905 746 ipsis
933 688 1062 731 rebus
1091 688 1145 732 ab
1174 687 1365 733 Homero
1393 688 1559 732 traditis
1588 689 1861 745 colligerent,
1904 697 2024 733 ortae
2064 705 2159 735 esse
2196 690 2406 735 videntur.
2463 690 2672 748 Equidem

280 761 403 803 aliter
438 760 601 816 judico.
657 759 841 815 Antiqui
878 760 1081 816 temporis
1122 759 1380 818 interpretes
1417 759 1495 817 (οἱ
1530 758 1743 815 παλαιοί)
1771 758 2107 818 σχηματίζοντες
2136 762 2287 818 (Eust.
2321 763 2439 812 1921,
2468 762 2553 821 54)
2580 760 2673 804 ποῦ

279 824 516 889 ὀρσοθύρη
542 831 617 874 καὶ
643 832 739 875 ποῦ
767 827 792 874 ὁ
818 823 1047 883 θάλαμος,
1089 830 1166 875 καὶ
1198 826 1293 881 τοὶς
1328 831 1507 891 ῥῶγας
1542 832 1625 874 τοῦ
1653 830 1781 875 οἴκου
1807 831 1878 875 καὶ
1907 827 1982 888 τῆν
2008 828 2144 889 αὐλήν
2169 832 2242 877 καὶ
2270 828 2327 875 τιὶ
2355 828 2511 884 λοιποὶ,
2540 828 2602 883 ὠς
2629 831 2673 876 ἐν

279 905 377 954 τοῖς
412 904 501 947 τῶν
536 898 814 961 ἀντιγράφων
852 897 1182 961 ἀκριβεστέροις
1220 906 1383 959 κεῖται,
1428 904 1516 947 sine
1558 904 1684 947 dubio
1722 903 1872 947 incerti
1913 919 1998 947 non
2038 904 2289 957 haerebant,
2337 912 2480 947 utrum
2523 905 2673 963 ῥῶγας

284 977 473 1019 »scalas«
505 977 572 1018 vel
603 977 843 1019 „scalarum
873 976 1090 1030 gradus«,
1120 992 1173 1018 an
1204 975 1525 1027 „fenestram«,
1557 991 1610 1017 an
1642 984 1881 1031 ”angustos
1910 976 2059 1018 locos«
2090 975 2219 1018 fuisse
2248 983 2448 1033 putarent
2464 977 2529 1030 ¹⁰).
2587 975 2671 1019 Sed

281 1063 539 1105 quamquam
569 1047 886 1090 concedendum
915 1055 998 1095 est,
1037 1062 1112 1089 nos
1141 1047 1357 1105 ignorare,
1396 1062 1451 1089 an
1479 1046 1595 1105 ipsae
1625 1048 1724 1091 illae
1752 1046 2057 1106 καταγραφαί,
2095 1047 2149 1090 de
2179 1047 2333 1105 quibus
2360 1049 2557 1091 Eustath.
2587 1049 2613 1092 l.
2643 1048 2670 1091 l.

281 1120 410 1162 verba
437 1119 560 1169 facit,
600 1119 710 1162 inter
739 1133 784 1161 se
814 1118 936 1161 valde
966 1117 1294 1176 discrepuerint‚
1334 1126 1474 1162 tamen
1507 1119 1595 1161 veri
1624 1118 1757 1163 simile
1784 1134 1867 1162 non
1897 1127 1981 1171 est,
2020 1133 2191 1170 eorum,
2219 1133 2331 1175 quae
2359 1120 2402 1162 in
2432 1119 2672 1163 Homericis

282 1190 540 1234 carminibus
569 1190 612 1232 in
642 1189 824 1232 Graecia
853 1204 1070 1246 nunquam
1102 1205 1184 1231 non
1212 1189 1400 1231 recitatis
1430 1190 1494 1232 vel
1524 1189 1723 1232 lectitatis
1753 1190 1964 1246 descripta
1990 1190 2191 1241 fuissent,
2227 1191 2317 1247 jam
2355 1192 2529 1247 antiquo
2566 1199 2673 1235 tem-

283 1277 389 1320 pore
419 1263 524 1305 adeo
553 1260 773 1304 evanuisse
802 1261 1071 1311 memoriam,
1113 1270 1159 1302 ut
1193 1276 1247 1303 ne
1282 1261 1506 1316 vestigium
1543 1261 1713 1318 quidem
1752 1262 1841 1304 veri
1876 1262 2005 1305 fuerit
2042 1262 2237 1305 relictum
2276 1270 2342 1314 et,
2390 1277 2672 1320 quaecunque

283 1333 436 1377 tradita
474 1332 579 1388 sint,
626 1330 768 1375 merae
810 1333 1082 1389 conjecturae
1119 1333 1266 1375 haberi
1304 1334 1498 1377 debeant.
1556 1335 1699 1377 Multo
1737 1335 1826 1377 veri
1863 1335 2037 1377 similius
2075 1343 2140 1377 est
2178 1336 2246 1390 (v.
2285 1350 2415 1392 supra
2454 1335 2508 1377 de
2544 1331 2672 1391 θύρᾳ

281 1401 494 1459 ἕκτομάδι
521 1404 628 1448 Hes.
656 1404 699 1447 in
731 1421 767 1446 v.
795 1396 943 1463 ῥῶγας
971 1413 1016 1448 et
1044 1404 1257 1447 Eustathii
1286 1405 1511 1448 obscuram
1542 1405 1849 1450 enarrationem
1879 1405 1961 1450 loci
1990 1407 2043 1450 de
2069 1398 2301 1463 ὄρσοθύρᾳ
2328 1423 2368 1464 p.
2393 1409 2516 1458 1921)
2546 1422 2671 1464 saepe

283 1476 396 1519 varia
424 1476 606 1531 nomina,
635 1475 791 1533 quibus
820 1475 981 1533 antiqui
1009 1476 1267 1533 interpretes
1297 1475 1358 1519 usi
1388 1484 1531 1521 essent
1559 1477 1613 1520 ad
1643 1478 1817 1521 eandem
1846 1491 1935 1521 rem
1965 1477 2296 1536 significandam,
2325 1494 2350 1522 a
2370 1478 2672 1536 posterioribus

280 1548 569 1606 grammaticis
597 1548 650 1590 ad
680 1547 869 1590 diversas
897 1561 965 1590 res
993 1562 1088 1591 esse
1116 1548 1278 1598 relata,
1318 1547 1361 1590 id
1391 1548 1505 1604 quod
1533 1547 1576 1591 in
1606 1562 1709 1591 voce
1737 1546 1890 1605 ρωγών
1916 1564 1967 1593 eo
2006 1548 2171 1593 facilius
2210 1549 2303 1592 fieri
2340 1549 2499 1606 potuit,
2539 1564 2672 1605 quum

281 1618 400 1676 origo
429 1620 546 1662 vocis
577 1627 724 1677 aperte
755 1634 779 1661 a
807 1615 990 1677 ῥήγνυμι
1021 1618 1213 1662 ducenda
1241 1618 1296 1661 ad
1326 1633 1445 1663 suam
1476 1633 1688 1675 quemque
1723 1618 2008 1675 conjecturam
2046 1619 2280 1663 faciendam
2319 1619 2529 1663 invitaret.
2587 1619 2674 1663 Sed

276 1690 366 1747 jam
396 1690 565 1746 singula
592 1691 916 1748 perlustremus.
975 1690 1179 1732 Omnium
1217 1691 1611 1747 interpretationum
1649 1690 1842 1733 facillima
1879 1705 1972 1734 esse
2011 1690 2179 1734 videtur
2209 1689 2399 1749 πθυρίς,
2437 1691 2674 1743 fenestra«,

283 1777 417 1819 quum
446 1754 541 1817 ῥώξ
570 1777 594 1803 a
623 1762 838 1804 veteribus
866 1761 1121 1818 lexigraphis
1151 1761 1349 1818 »ῥῆγμα,
1381 1760 1548 1814 σχίσμα
1575 1762 1745 1812 fissum,
1774 1762 1912 1805 rima«
1944 1762 2180 1820 explicetur
2215 1772 2258 1805 et
2287 1762 2488 1805 rimarum
2518 1778 2675 1806 nomen

286 1833 450 1889 antiqui
478 1834 682 1890 temporis
711 1833 909 1875 fenestris
938 1833 1061 1875 valde
1092 1834 1330 1875 conveniat.
1351 1857 1404 1864 —
1433 1833 1477 1875 Si
1505 1839 1670 1875 constat
1695 1833 1978 1876 Melanthium
2008 1848 2048 1874 v.
2073 1836 2149 1875 143
2179 1835 2355 1876 eandem
2385 1835 2494 1876 viam
2523 1833 2676 1885 iniisse,

283 1919 411 1961 quam
441 1904 631 1958 Agelaus
660 1919 699 1944 v.
732 1907 810 1945 132
838 1912 1119 1959 proposuerat
1146 1903 1373 1946 ineundam
1406 1904 1543 1947 verbis
1582 1898 1665 1945 οιῗκ
1702 1899 1753 1945 ἂν
1790 1896 1844 1959 δή
1872 1919 1940 1953 τις
1978 1898 2049 1946 α’ν’
2086 1898 2398 1961 ὀρσοθύρην
2435 1899 2675 1962 ἀναβαίη

283 1980 443 2030 (neque
473 1974 709 2017 audiendus
738 1973 1004 2024 Eustathius,
1025 2001 1077 2007 —
1111 1977 1228 2025 1921,
1258 1977 1312 2017 39
1341 1973 1387 2017 ἐν
1413 1967 1591 2023 τούτοις
1620 1974 1668 2018 δέ
1696 1990 1833 2031 φασιν
1859 1974 1905 2018 οἱ
1934 1974 2117 2018 παλαιοὶ
2147 1975 2221 2018 καὶ
2248 1974 2398 2033 ἑτέραν
2425 1969 2677 2034 ὀρσοθύρην

281 2041 405 2098 εἶναι,
432 2046 491 2090 δι’
510 2037 559 2102 ἧς
587 2039 792 2093 οἷνελθιόν
820 2042 886 2096 εἷς
911 2040 961 2090 τό
990 2041 1191 2103 ὑπερῷον
1210 2040 1479 2095 Μελάνθιος
1507 2039 1700 2089 ἀνείλετο
1726 2044 1782 2089 τὰ
1811 2039 1934 2090 ὅπλα
1953 2072 2006 2078 -
2025 2062 2150 2103 quem
2181 2056 2371 2090 veterum
2400 2047 2675 2105 interpretum

282 2121 589 2164 enarrationem
619 2119 725 2162 falso
755 2119 1014 2163 intellexisse
1042 2127 1084 2163 et
1105 2134 1205 2162 vera
1224 2118 1328 2162 falsa
1350 2117 1568 2161 miscuisse
1588 2118 1694 2161 infra
1714 2120 1755 2161 in
1776 2119 1914 2175 capite
1934 2117 1985 2160 de
2004 2111 2242 2177 ὄρσοθύρᾳ
2261 2118 2674 2173 demonstrabimus),

281 2217 337 2224 —-
364 2216 419 2223 -
448 2191 711 2235 Melanthius
740 2185 985 2245 ἅναβαίνων
1012 2184 1099 2234 cive?
1127 2190 1271 2248 ῥῶγας
1298 2183 1517 2249 μεγάροιο
1556 2189 1598 2233 ἰη
1637 2190 1777 2233 locum
1816 2190 2028 2247 quendam
2068 2206 2145 2248 per
2181 2183 2437 2249 ὀρσοθύραν
2473 2192 2674 2235 ascendit.

283 2265 418 2320 Atqui
454 2263 616 2307 etiamsi
653 2280 738 2307 non
776 2279 852 2321 per
888 2257 1149 2320 ὄρσοθύραν
1185 2264 1475 2314 ascendisset,
1522 2263 1563 2305 in
1609 2262 1840 2306 fenestras
1883 2263 2123 2306 ascendisse
2167 2271 2284 2307 recte
2325 2279 2408 2306 non
2451 2264 2674 2307 diceretur.

282 2334 553 2392 Quamquam
581 2336 692 2379 enim
720 2334 900 2379 libenter
926 2335 1136 2387 concedo,
1166 2334 1208 2378 in
1237 2330 1453 2393 ὑπερῴῳ,
1494 2334 1611 2391 quod
1640 2334 1859 2386 transiret,
1899 2333 2032 2378 fuisse
2061 2333 2271 2378 fenestras
2300 2334 2388 2379 sive
2417 2350 2442 2378 a
2469 2336 2558 2378 sola
2587 2336 2676 2378 oeci

418 2607 464 2651 ¹⁰)
490 2608 599 2649 Cave,
631 2618 674 2640 ue
703 2609 850 2640 sormam
882 2609 1020 2640 aedium
1054 2609 1087 2640 in
1120 2609 1196 2640 cod.
1221 2608 1267 2640 Η.
1291 2616 1324 2649 σ,
1351 2610 1415 2641 102
1441 2608 1543 2640 lineis
1568 2606 1772 2650 descriptam
1796 2612 1845 2649 (v.
1870 2609 1911 2642 G.
1937 2609 2109 2642 Diudorfii
2133 2608 2242 2642 schol.
2266 2608 2325 2642 Gr.
2350 2609 2384 2642 iu
2410 2608 2603 2651 odysseam
2628 2609 2674 2649 11,

283 2675 314 2708 p.
341 2666 422 2709 659)
445 2668 481 2698 et
504 2667 539 2697 in
564 2662 680 2697 tabula
704 2664 841 2708 lithogr.
867 2671 1040 2698 extremae
1067 2664 1147 2697 huic
1172 2665 1453 2699 commentationi
1477 2665 1594 2698 addita
1617 2665 1651 2698 in
1678 2667 1733 2709 fig.
1757 2668 1777 2699 3
1803 2676 2000 2708 expressam
2025 2676 2068 2698 ex
2091 2666 2244 2708 antiquis
2268 2665 2335 2698 illis
2359 2666 2673 2698 adumbrationibus

282 2722 424 2755 fluxisse
453 2728 564 2764 putes.
612 2722 789 2763 Harlejaui
814 2722 946 2754 codicis
970 2722 1173 2754 deformatio
1202 2724 1244 2754 ad
1270 2723 1380 2755 solum
1406 2723 1500 2754 illum
1527 2722 1640 2754 locum
1664 2722 1905 2764 explicandum
1930 2723 2130 2767 excogitata
2154 2732 2229 2755 esse
2254 2722 2395 2755 videtur.
2444 2721 2558 2763 Quum
2583 2723 2675 2755 euim

283 2780 451 2822 interpres
477 2789 522 2811 ex
545 2779 690 2812 Homeri
715 2779 826 2811 verbis
850 2775 920 2826 ὄφρ’
937 2774 1015 2814 ἵκετ’
1041 2773 1151 2822 αὖλῆν
1165 2776 1345 2827 Αἰθούσης
1367 2794 1405 2815 n
1432 2775 1548 2826 θύρας
1571 2778 1786 2821 collegisset,
1811 2780 1973 2819 Ulixem,
2004 2786 2183 2822 postquam
2207 2785 2313 2812 totam
2336 2779 2448 2812 aulam
2473 2780 2674 2818 transiisset,

285 2835 327 2869 ad
353 2832 526 2885 αἰθούσῃς
549 2831 668 2885 θύρας
690 2836 888 2878 pervenisse
912 2842 947 2868 et
966 2835 1059 2868 Iram
1082 2839 1165 2871 aori
1188 2840 1295 2885 ὅρκιον
1318 2833 1424 2884 αὐλῆς
1447 2835 1653 2876 acclinasse,
1677 2839 1854 2872 αιθουσαν
1877 2843 1977 2869 extra
1999 2836 2112 2868 aulam
2136 2835 2179 2867 ab
2202 2842 2345 2878 utraque
2369 2842 2463 2878 parte
2486 2830 2674 2883 προθύρου

284 2893 392 2936 ipsius
424 2893 545 2926 domus
576 2894 759 2927 collocavit
794 2899 828 2926 et
856 2893 1014 2936 appinxit
1044 2893 1146 2925 verba
1172 2889 1267 2943 παρὰ
1294 2890 1337 2930 ω’
1369 2890 1559 2943 καθῆσθαι
1590 2896 1623 2928 ἐκ
1655 2891 1716 2939 τῆς
1740 2888 1856 2943 αιὐῑῆς.
1904 2891 1973 2927 Sed
1996 2892 2131 2926 etiamsi
2157 2892 2258 2926 verba
2280 2893 2419 2935 appicta
2444 2892 2619 2935 negligere
2641 2898 2677 2927 et

286 2959 405 2984 vocem
437 2954 641 2988 '’eldeum“
672 2958 794 2985 extra
823 2950 963 2984 aedium
996 2951 1105 2984 lineas
1137 2951 1344 2994 adscriptam
1375 2951 1421 2985 ad
1451 2951 1632 2984 transitum
1663 2959 1704 2982 ex
1735 2951 1887 2984 androne
1919 2951 1964 2983 ad
1995 2951 2108 2983 aulam
2139 2950 2265 2983 referre
2296 2951 2474 2991 vellemus,
2505 2959 2560 2982 res
2585 2949 2675 2983 male

288 3008 436 3041 haberet.
491 3009 545 3041 Ita
575 3012 682 3059 ἑρκίον
711 3005 836 3059 αὐλῆς,
869 3010 927 3042 cui
954 3009 1032 3042 Irus
1064 3009 1310 3053 acclinaretur,
1342 3015 1499 3054 tangeret
1529 3007 1669 3051 quidem
1701 3005 1871 3058 αἰθούσης
1903 3003 2036 3057 θύρας,
2067 3007 2129 3041 sed
2158 3011 2315 3046 αἴθουσα
2337 3008 2414 3050 ipsa
2436 3006 2582 3049 amplius
2607 3017 2675 3041 nou

285 3071 438 3099 exstaret
470 3077 582 3108 neque
614 3066 800 3108 quidquam
833 3069 901 3100 nisi
932 3068 1059 3100 domus.
1080 3067 1189 3108 janua
1221 3073 1321 3101 esset.
1366 3067 1523 3099 Eandem
1548 3064 1780 3098 difficultatem
1802 3067 1872 3098 alio
1897 3066 2000 3097 modo
2024 3066 2142 3098 tollere
2166 3071 2310 3098 conatus
2334 3070 2404 3103 est,
2438 3066 2495 3106 qui
2519 3065 2553 3096 iu
2578 3065 2675 3096 codd.

284 3123 326 3156 B.
351 3122 396 3164 Q.
423 3126 506 3159 nori
534 3128 641 3173 ἑρκίον
663 3119 769 3173 αι’·λῆς
793 3125 978 3167 explicavit
1001 3136 1010 3157 ε
1035 3129 1082 3170 εἰς
1104 3119 1149 3161 «i
1172 3127 1392 3174 ηορίφραγμα
1413 3122 1475 3174 (ἧς
1497 3119 1606 3170 αιῖλῆς
1619 3147 1629 3164 ,
1666 3118 1744 3159 ἀντὶ
1767 3122 1832 3159 τοῦ
1853 3120 1907 3166 τᾷ
1931 3127 2164 3173 περιεχομένῳ
2186 3117 2284 3166 τόπῳ
2305 3119 2371 3170 τῆς
2394 3116 2512 3169 αι’-λῆς.
2557 3120 2676 3163 Itaque

284 3183 392 3230 ἑρκίον
421 3176 528 3230 αι’·λῆς
559 3181 866 3215 circumlocutione
898 3183 1047 3224 quadam
1076 3182 1207 3216 dictum
1236 3188 1328 3215 esset
1356 3189 1416 3215 aut
1448 3191 1511 3224 pro
1541 3180 1617 3222 ipsa
1638 3180 1716 3213 aula
1738 3186 1798 3214 aut
1820 3190 1883 3223 pro
1907 3180 2041 3222 porticu
2064 3180 2153 3213 iutra
2175 3189 2293 3213 muros
2316 3184 2351 3211 et
2373 3179 2551 3212 columnas
2575 3179 2677 3221 quasi

284 3237 418 3271 inclusa
442 3243 701 3290 (σεριεχομέιῃ)
732 3244 836 3280 atque
860 3240 1033 3272 subdiales
1056 3240 1154 3271 aulae
1178 3240 1276 3271 locos
1300 3240 1465 3282 unigenti,
1489 3244 1525 3270 et
1548 3237 1644 3270 Ulixi
1668 3246 1736 3270 uon
1760 3246 1833 3280 per
1856 3236 1970 3269 aulam
1994 3236 2280 3281 progrediendum
2303 3234 2437 3275 fuisset,
2461 3234 2523 3268 sed
2544 3241 2676 3269 tautum

285 3295 328 3325 ad
360 3305 436 3326 eam
466 3291 656 3344 προθύρου
690 3296 812 3328 domus
844 3296 977 3336 locum,
1010 3297 1068 3337 qui
1096 3297 1211 3328 aulam
1242 3290 1407 3337 tangeretss
1454 3295 1524 3328 Sed
1548 3304 1589 3326 ea
1612 3294 1687 3326 fieri
1710 3300 1893 3335 nequeunt.
1940 3293 2109 3334 Equidem
2133 3302 2202 3334 quo
2224 3292 2330 3325 modo
2354 3293 2469 3324 locum
2493 3294 2676 3324 obscurum

285 3349 357 3394 (18,
384 3353 464 3393 102)
487 3351 657 3387 illustrare
682 3360 827 3387 conatus
850 3352 928 3394 sim,
953 3353 1017 3386 vid.
1042 3363 1146 3396 supra
1168 3354 1211 3386 de
1234 3353 1332 3387 aedd.
1357 3353 1461 3387 Hom.
1486 3351 1515 3391 1,
1540 3361 1574 3394 p.
1601 3353 1655 3385 18.
