2955 3681
1463 88 1533 136 80
1552 139 1558 141 .

295 234 372 275 ἅτ
395 233 540 275 Deeke
574 246 756 290 qmqm
790 245 902 280 soar,
942 245 1013 272 um
1048 238 1155 272 mm
1184 231 1263 272 den
1301 229 1604 286 bnuereestzyen
1635 232 1922 277 &alent-efflet·
1959 235 2029 278 dio
2064 249 2163 292 quer
2202 236 2382 293 yeleqten
2413 233 2583 278 Balken
2618 236 2694 277 der

293 302 437 346 Daeke
472 318 526 346 zu
559 310 714 359 vogen.
740 324 795 333 -
822 323 879 333 —
906 301 1023 343 Hier
1051 301 1109 343 ist
1133 301 1208 343 der
1239 299 1501 357 Traqbdken
1529 300 1604 343 des
1631 302 1742 346 nablat
1766 319 1814 346 so
1839 304 1973 348 hohen
2009 306 2363 366 Weiberyemachs
2389 321 2444 350 tu
2471 305 2695 350 verstehen.

292 373 536 432 Hesychius
562 373 711 424 meiat,
755 371 857 427 dass
882 370 1113 428 μέλαθρον
1139 372 1249 414 auch
1275 373 1344 415 die
1374 372 1666 415 Oberschwello
1689 383 1873 431 qenannt
1899 378 2062 419 worden
2090 381 2172 429 eei-3
2211 378 2365 434 yewt‘ss
2381 376 2570 434 salsole-⁸
2629 378 2694 420 At

293 444 456 489 etiamsi
485 444 721 488 concedere
750 442 978 495 vellemus,
1019 442 1220 486 Vossium
1250 442 1305 486 de
1333 444 1376 486 vi
1403 440 1643 500 μελάθρου
1669 444 1830 487 rectius
1857 445 2063 500 judicium
2090 446 2261 498 secisse,
2301 462 2427 505 quam
2469 447 2581 505 quod
2613 459 2693 490 nos

291 531 422 573 supra
450 516 644 566 fecimus,
675 512 842 558 etiamsi
870 530 955 558 non
985 514 1241 570 displiceret,
1269 516 1384 570 quod
1412 514 1593 557 Vossius
1620 514 1742 557 deam
1773 515 1814 557 in
1844 515 1987 558 limine
2006 517 2196 559 'stantem
2213 533 2310 560 2non
2339 533 2539 575 superum
2567 518 2695 561 limen

288 587 419 646 ipsius
448 587 629 643 januae,
673 585 799 642 cnjus
832 585 949 629 sores
988 585 1272 635 collustravit,
1317 585 1532 638 tetigisse,
1576 586 1649 627 sed
1685 593 1913 644 postquam
1954 587 2079 629 limen
2109 589 2339 639 transierit,
2381 589 2503 632 aliam
2533 589 2694 633 trabem

291 659 429 717 capite
457 657 648 715 tetigisse
676 656 790 701 'dicat
812 656 878 718 (v.
908 672 1038 714 supra
1064 672 1104 712 p.
1123 661 1190 708 34,
1220 672 1259 700 v.
1281 658 1320 699 7.
1348 660 1401 710 83
1431 673 1455 700 e
1486 657 1625 699 Vossii
1653 657 1859 699 sententia
1885 672 1987 698 vero
2014 657 2149 714 fingas
2174 659 2339 701 trabem
2368 661 2482 703 illam
2512 661 2695 704 mediam

289 743 394 774 oeco
429 729 654 773 mulierum
693 728 930 787 impositam
960 743 1044 771 non
1073 727 1302 784 parallelon
1332 742 1488 784 supero
1511 727 1671 783 januae
1700 727 1851 779 limini,
1890 728 1964 771 sed
2004 743 2028 771 a
2068 729 2210 772 limine
2252 731 2305 773 ad
2343 730 2488 773 intima
2525 732 2693 775 aedium

288 801 386 846 loca
415 806 765 858 supet-structam,
795 814 928 857 quum
956 800 1017 843 ita
1044 807 1212 843 tantum
1242 799 1334 853 dea,
1363 806 1590 854 antequam
1613 800 1863 843 Metaniram
1891 802 2244 857 praeteriret,
2271 800 2500 860 μέλαθρον
2518 811 2694 859 tangere

289 872 670 937 potuit),—tamen
687 870 830 914 Vossii
859 869 1002 929 opinio
1031 886 1129 915 cum
1159 870 1199 914 vi
1228 870 1455 914 verborum
1484 865 1614 927 napo?
1641 870 1844 925 σταθμὸν
1867 871 2014 927 τέγεος
2044 865 2166 915 msam
2193 876 2413 930 ποιητοῖο,
2443 874 2608 931 qualem
2639 889 2693 919 ex

289 945 510 1002 Odysseae
539 943 653 986 libris
682 941 824 999 colligi
853 949 1038 1001 oportet,
1070 942 1272 987 dissentit.
1320 942 1473 999 Neque
1503 944 1615 986 enim
1645 945 1780 987 solum
1811 945 1943 987 simile
1972 945 2150 987 verbum
2181 941 2308 1002 παρᾰ
2333 944 2534 999 σταθμὸν
2559 941 2694 1001 μεγᾰ-

289 1030 389 1072 ροιο
420 1018 494 1066 17,
524 1018 578 1058 96
607 1015 737 1070 ipsius
766 1014 858 1056 oeci
887 1013 1072 1056 virorum
1103 1014 1244 1057 locum
1275 1012 1487 1069 significat
1513 1014 1650 1071 (quod
1681 1016 1715 1058 si
1743 1031 1825 1058 non
1854 1024 1985 1067 esset,
2014 1015 2232 1072 Penelope
2262 1031 2302 1058 ν.
2336 1020 2427 1058 104.
2462 1021 2537 1060 105
2565 1018 2692 1061 Tele·

287 1088 488 1130 maehum
520 1086 732 1128 adhortari
762 1100 846 1127 non
877 1092 1039 1142 posset,
1068 1092 1117 1127 ut
1147 1084 1200 1127 de
1228 1085 1357 1142 patris
1386 1084 1527 1127 reditu
1557 1093 1673 1128 certa
1702 1101 1846 1130 secum
1877 1087 2225 1137 communicaret,
2253 1086 2370 1144 Πρὶν
2401 1086 2551 1130 ἐλθεῖν
2578 1103 2693 1145 μυη-

286 1158 455 1216 στῆρας
482 1149 695 1213 ἀγήνορας
721 1153 776 1205 ἐς
801 1147 934 1198 τόδε
965 1155 993 1198 d
1002 1156 1041 1197 ὦ
1047 1170 1079 1208 μ
1090 1158 1152 1211 α),
1184 1156 1258 1198 sed
1288 1155 1414 1199 etiam
1448 1159 1483 1210 1,
1513 1159 1594 1199 333
1617 1156 1836 1214 Penelope
1863 1152 1989 1213 παροῖ
2013 1156 2213 1211 σταθμὸν
2238 1158 2382 1214 τέγεος
2409 1174 2455 1202 π.
2485 1175 2532 1202 π.
2563 1169 2694 1211 stans,

286 1230 332 1272 in
372 1231 466 1286 ipso
504 1242 606 1271 oeco
645 1227 774 1270 fuerit
808 1241 984 1269 necesse
1022 1235 1106 1277 est,
1148 1242 1281 1283 quum
1320 1227 1472 1270 eadem
1503 1244 1540 1270 ν.
1568 1230 1662 1271 356.
1691 1231 1774 1272 360
1802 1222 1974 1272 οἶκόνδε
2012 1230 2038 1272 i.
2068 1244 2104 1272 e.
2133 1229 2173 1272 in
2204 1245 2352 1274 oecum
2383 1231 2606 1274 mulierum
2637 1232 2690 1276 cf.

287 1316 418 1358 supra
437 1301 592 1357 pagina
621 1300 688 1350 75,
718 1313 757 1342 v,
779 1301 804 1340 6
834 1313 926 1355 sqq.
956 1313 1001 1341 se
1032 1298 1270 1341 contulerit.
1329 1298 1414 1341 Cui
1442 1314 1544 1341 vero
1572 1300 1769 1343 credibile
1799 1309 1874 1351 est,
1901 1309 1948 1344 ut
1978 1301 2124 1344 eadem
2155 1302 2280 1344 verba
2310 1303 2422 1358 apud
2451 1302 2692 1346 Homerum

285 1372 430 1416 locum
459 1372 549 1415 oeci
577 1371 784 1421 virorum,
827 1371 942 1427 apud
970 1370 1118 1425 hymni
1146 1371 1419 1428 scriptorem,
1460 1370 1533 1428 qui
1563 1372 1793 1428 diligenter
1824 1371 1935 1414 illius
1963 1373 2139 1430 vestigia
2168 1374 2381 1430 sequitur,
2419 1374 2558 1416 locum
2598 1376 2691 1418 oeci

285 1444 512 1488 mulierum
554 1452 597 1486 et
640 1458 740 1485 eum
779 1443 904 1485 valde
942 1458 967 1485 a
1009 1441 1148 1498 priore
1187 1441 1259 1484 illo
1296 1442 1393 1485 loco
1431 1443 1644 1486 diversum
1683 1443 1893 1499 significet
1914 1443 2006 1497 ²³)?
2044 1468 2097 1476 —
2132 1444 2255 1487 Licet
2291 1460 2369 1502 pro
2407 1460 2578 1488 recessu
2618 1446 2691 1489 illo

283 1512 551 1574 μελάθρου,
600 1530 726 1572 quem
777 1529 906 1570 supra
947 1529 989 1570 p.
1033 1516 1212 1556 43—45
1251 1512 1595 1557 adumbravimus
1647 1522 1690 1557 et
1728 1530 1826 1557 cum
1868 1516 2157 1559 Romanorum
2200 1515 2306 1559 atrio
2355 1517 2691 1575 comparavimus

285 1603 500 1648 quemque
530 1587 683 1631 Galeni
713 1586 896 1629 exedrae
925 1585 1183 1629 simillimum
1210 1583 1342 1629 fuisse
1371 1586 1565 1637 vidimus,
1595 1588 1774 1644 primam
1802 1595 1967 1644 partem
1998 1587 2149 1630 domus
2177 1588 2400 1631 mulierum
2430 1589 2481 1632 ad
2506 1589 2692 1632 Vitruvii

285 1661 532 1717 exemplum
563 1658 873 1702 conformatam
902 1658 1156 1707 substituas,
1185 1682 1239 1689 -
1268 1657 1474 1700 efficietur
1504 1658 1675 1714 quidem
1705 1654 1940 1715 παραστάς
1968 1659 2055 1712 (ita
2084 1660 2194 1701 enim
2232 1660 2391 1702 scholia
2429 1675 2600 1717 quoque
2637 1661 2692 1703 ad

283 1733 465 1776 Homeri
494 1732 611 1775 locos
639 1731 681 1773 11.
709 1731 838 1773 verba
867 1723 996 1786 παροῖ
1024 1723 1226 1782 σταθμόν
1250 1728 1395 1785 τέγεος
1423 1744 1472 1772 π.
1500 1744 1551 1772 π.
1579 1728 1934 1787 interpretantur,
1972 1744 2013 1772 v-.
2043 1745 2175 1786 supra
2204 1729 2263 1781 II,
2295 1734 2359 1772 12.
2394 1734 2443 1773 13
2473 1739 2513 1774 et
2542 1732 2691 1774 scholl.

282 1804 342 1847 H.
372 1803 428 1856 Q.
468 1803 520 1845 ad
551 1815 600 1853 σ,
631 1802 764 1856 235),
802 1801 876 1843 sed
922 1800 1055 1843 deerit
1089 1801 1209 1842 focus
1244 1802 1371 1842 etiam
1411 1799 1454 1841 in
1486 1799 1607 1842 Celei
1644 1799 1819 1843 aedibus
1853 1810 2238 1852 commemoratus,
2282 1817 2321 1844 v.
2361 1817 2515 1858 supra,
2557 1802 2693 1846 deerit

281 1873 514 1930 μέλαθρον
549 1872 721 1930 proprIe
763 1872 947 1922 dictum,
989 1886 1168 1929 quarum
1203 1886 1345 1913 rerum
1384 1881 1565 1927 utraque
1603 1871 1646 1913 in
1681 1871 1818 1928 prima
1861 1872 1986 1914 domo
2024 1873 2249 1915 mulierum
2286 1888 2377 1916 esse
2414 1889 2498 1915 non
2537 1875 2690 1931 potuit.

283 1947 436 1990 Deerit
472 1960 692 1995 recessus,
735 1943 806 1986 ubi
842 1952 979 1986 mater
1017 1943 1197 1986 familias
1236 1944 1404 1999 vulgo
1446 1942 1674 2000 sedebat
1712 1958 1845 2000 prope
1882 1943 1963 1986 foci
2008 1946 2148 2000 ignem
2188 1945 2287 1997 (19,
2315 1946 2367 1987 55
2404 1951 2449 1987 et
2476 1960 2604 2002 supra
2631 1945 2691 1997 ΙΙ,

283 2035 324 2076 p.
355 2022 409 2061 24
438 2021 564 2074 sqq.).
621 2016 995 2068 Quemadmodum
1024 2031 1127 2057 vero
1157 2016 1413 2058 Homericus
1441 2029 1544 2056 usus
1574 2014 1784 2070 postulat,
1822 2023 1871 2056 ut
1900 2014 2039 2058 verbis
2068 2016 2150 2058 illis
2181 2016 2354 2059 interior
2383 2017 2472 2059 oeci
2503 2016 2691 2060 virorum

284 2105 382 2148 pars
411 2090 634 2144 indicetur,
664 2088 724 2132 sic
754 2088 893 2145 ipsum
924 2103 1078 2131 nomen
1108 2087 1222 2131 illius
1250 2089 1333 2131 loci
1364 2082 1524 2145 „erci
1550 2084 1752 2138 σταθμὸν
1778 2086 1998 2142 τέγεος“
2029 2087 2081 2129 ad
2109 2083 2244 2140 μυχὸν
2271 2089 2363 2130 oeci
2392 2089 2579 2130 virorum
2610 2089 2689 2131 sub

282 2155 503 2218 μελάθρῳ
538 2162 684 2211 situm,
726 2160 795 2202 cui
823 2160 1013 2202 tabulata
1046 2168 1120 2202 aut
1148 2167 1439 2216 superstructa
1468 2166 1544 2201 aut
1583 2158 1795 2215 utrimque
1824 2158 1950 2201 affixa
1980 2166 2137 2210 essent,
2171 2158 2294 2203 valde
2325 2160 2690 2203 accommodatum

284 2243 363 2279 est.
422 2234 506 2277 Sed
542 2234 718 2275 fortasse
757 2230 964 2287 quispiam
1011 2231 1182 2281 dixerit,
1226 2231 1366 2288 ipsum
1408 2244 1562 2272 nomen
1604 2228 1759 2285 τέγος
1798 2229 1955 2287 optime
1993 2230 2046 2273 ad
2083 2231 2313 2275 mulierum
2342 2230 2513 2274 domum
2540 2231 2689 2275 referri

286 2321 433 2363 posse,
474 2306 515 2347 in
552 2320 637 2361 qua
673 2298 863 2360 ὑπερῷα
898 2300 998 2358 τέγη
1036 2303 1125 2346 sive
1164 2303 1397 2361 parietibus
1434 2301 1562 2345 affixa
1594 2301 1681 2344 sive
1719 2301 1794 2345 toti
1834 2302 1976 2346 domui
2007 2311 2301 2361 superstructa
2329 2302 2461 2347 fuisse
2491 2304 2687 2358 sciamus.

285 2377 454 2427 Audio,
484 2377 671 2433 inquam.
729 2376 827 2418 Jam
858 2374 1018 2430 duplici
1054 2375 1180 2417 modo
1219 2390 1287 2418 res
1330 2374 1531 2431 explicari
1574 2375 1741 2431 poterit.
1797 2376 1910 2419 Aut
1946 2375 2075 2433 igitur
2104 2375 2252 2418 eadem
2282 2375 2354 2418 illa
2383 2376 2518 2433 prima
2544 2375 2688 2428 μυχοῦ

284 2465 381 2506 pars
419 2449 611 2506 proxime
643 2448 785 2490 focum
826 2447 1068 2503 appellatur
1111 2443 1346 2499 »σταθμός
1382 2446 1588 2502 τέγεοςα,
1626 2445 1651 2488 i.
1689 2460 1725 2488 e.
1756 2447 1893 2489 aditus
1922 2446 1976 2489 ad
2005 2446 2231 2489 mulierum
2260 2446 2433 2489 domum
2462 2439 2688 2503 ὑπερῴοις

286 2530 499 2571 ornatam,
538 2518 638 2576 quia
675 2534 754 2576 per
792 2516 928 2571 μυχόν
961 2532 1009 2560 re
1053 2532 1151 2559 vera
1194 2518 1245 2559 ad
1280 2518 1504 2560 interiores
1546 2517 1671 2559 aedes
1715 2518 1989 2569 accedebant,
2029 2519 2130 2561 item
2169 2526 2298 2574 atque
2325 2518 2565 2575 principalis
2595 2517 2686 2561 oeci

279 2593 438 2651 janua,
478 2607 552 2649 per
587 2607 714 2648 quam
756 2607 808 2634 ex
850 2591 947 2633 aula
988 2590 1039 2631 ad
1079 2605 1229 2631 oecum
1261 2591 1542 2637 accedebant,
1586 2592 1652 2639 22,
1688 2592 1765 2630 120
1806 2589 2047 2631 nominatur
2086 2586 2289 2642 σταθμὸς
2323 2585 2549 2646 μεγάροιο.
2623 2590 2687 2632 At

283 2679 430 2722 neque
468 2662 640 2706 memini
678 2677 745 2705 me
781 2662 870 2705 ullo
901 2661 981 2704 alio
1012 2661 1107 2703 loco
1137 2669 1267 2703 totam
1297 2659 1611 2717 gynaeconitim
1643 2660 1731 2702 solo
1759 2658 1906 2715 τέγους
1933 2676 2037 2703 voce
2068 2661 2331 2717 designatam
2360 2661 2507 2716 legere
2543 2675 2686 2717 neque

284 2737 425 2780 aditus
455 2736 508 2778 ad
536 2731 689 2788 μυχόν,
719 2734 808 2777 oeci
837 2740 1017 2792 partem,
1049 2741 1163 2775 recte
1193 2733 1248 2775 ita
1277 2731 1581 2774 nominaretur.
1640 2731 1925 2788 Exspectares
1955 2733 2109 2789 potius,
2139 2733 2306 2788 januae,
2338 2746 2448 2789 quae
2478 2747 2530 2775 ex
2558 2730 2686 2787 μυχῷ

283 2810 326 2852 in
355 2810 490 2865 ipsam
518 2809 745 2850 mulierum
777 2807 949 2848 domum
980 2804 1163 2847 ducebat
1194 2805 1403 2861 cujusque
1432 2803 1646 2860 lapideum
1677 2803 1802 2846 limen
1829 2806 1893 2858 23,
1916 2807 1969 2847 88
1999 2812 2366 2855 commemoratur,
2396 2819 2547 2847 nomen
2578 2802 2684 2846 illud

284 2880 424 2931 tribui.
444 2907 498 2913 —
518 2880 627 2922 Aut
659 2880 748 2934 ipsa
769 2877 1006 2936 principalis
1037 2877 1187 2918 domus
1215 2877 1438 2918 mulierum
1464 2876 1610 2931 janua,
1641 2874 1762 2929 cujus
1793 2875 1919 2918 limen
1949 2876 2163 2932 lapideum
2189 2875 2314 2918 modo
2339 2875 2683 2928 memoravimus,

418 3093 463 3138 ¹⁸)
486 3095 524 3128 Si
553 3105 673 3127 verum
706 3101 813 3133 esset,
855 3094 946 3135 quod
979 3091 1172 3127 Overbeck.
1207 3091 1351 3136 Pompeji
1380 3103 1415 3137 p.
1445 3090 1516 3144 ⁴23
1545 3090 1646 3131 dicit,
1684 3090 1929 3133 PompeJanam
1959 3091 2142 3132 imaginem
2173 3090 2219 3123 ibi
2250 3099 2446 3134 expressam
2479 3089 2683 3124 adumbrare

282 3152 480 3195 Penelopen
512 3158 546 3186 et
576 3151 717 3186 Ulixem
748 3152 984 3195 colloquentes
1018 3157 1052 3183 et
1076 3150 1165 3183 clam
1190 3160 1211 3181 a
1235 3149 1410 3182 Melantho
1435 3147 1560 3182 ancilla.
1584 3148 1797 3187 observatos,
1827 3144 1949 3200 μυχόν
1974 3149 2050 3180 oeci
2075 3149 2252 3181 Homerici
2277 3150 2312 3180 in
2336 3148 2444 3180 oculis
2470 3147 2682 3180 haberemus.

286 3209 354 3243 Sed
385 3218 497 3251 neque
522 3210 700 3242 Melantho
734 3219 818 3242 oeco
853 3208 1030 3250 expulsam
1063 3217 1082 3240 e
1116 3206 1297 3238 mulierum
1328 3207 1430 3238 domo
1454 3207 1590 3238 illorum
1615 3205 1821 3247 colloquium
1846 3207 2041 3238 observasse
2065 3206 2239 3239 Homerus
2262 3205 2387 3245 tradit,
2422 3214 2531 3248 neque
2555 3204 2682 3248 hospes

280 3267 378 3305 illius
408 3266 575 3312 imaginis
605 3270 684 3301 ante
717 3267 839 3300 domus
872 3265 1053 3308 cujusdam
1086 3265 1177 3297 fores
1210 3265 1427 3307 requiescens
1459 3270 1662 3306 personatus
1686 3264 1805 3296 Ulixes
1835 3274 1908 3296 esse
1938 3267 2063 3306 potest.
2117 3263 2222 3297 Sedet
2256 3263 2347 3295 enim
2378 3263 2414 3295 in
2445 3267 2542 3305 parte
2564 3263 2683 3295 trunci

284 3325 467 3359 columnae
490 3326 596 3367 (einer
619 3323 904 3367 senemr-onomat)
929 3324 972 3357 cf.
995 3322 1147 3366 Panolka
1168 3320 1208 3356 B.
1234 3333 1265 3357 a.
1290 3321 1326 3356 L.
1351 3321 1444 3364 XIX,
1469 3322 1502 3355 4.
1551 3320 1642 3362 Quid
1667 3332 1746 3355 vero
1769 3333 1849 3364 pars
1874 3322 1934 3355 illa
1957 3323 2052 3362 scapi
2077 3322 2256 3354 columnae
2275 3322 2308 3353 ia
2329 3321 2403 3352 oeci
2418 3319 2682 3372 civxfijacens?
