2955 3681
1451 138 1514 186 75

291 282 427 326 scalas
455 298 508 327 ex
536 283 760 327 mulierum
790 282 914 326 domo
942 283 996 327 ad
1024 285 1264 327 virorum
1292 282 1554 341 superiorem
1582 284 1937 340 contignationem
1966 285 2160 338 duxisse,
2188 286 2230 330 id
2259 287 2375 344 quod
2403 285 2678 332 Hermannua

290 352 380 410 ipse
409 368 567 411 negare
595 354 764 397 videtur
792 354 992 410 (Ζωᾶεισ
1019 369 1068 398 sm
1093 355 1223 399 Beck.
1256 355 1486 406 Char-ikke,
1513 356 1556 398 2.
1583 355 1712 413 Amy.
1731 370 1782 412 p.
1815 358 1871 398 75
1901 373 1923 397 n
1941 357 2024 400 Vou
2049 357 2164 400 einer
2189 360 2350 415 ea'yeaen
2384 357 2562 415 Treppe.
2608 359 2679 403 die

289 439 371 468 aue
397 427 471 468 der
498 425 865 484 Frauenwohaunq
894 428 943 470 in
971 427 1054 470 den
1086 427 1305 470 Oberstoek
1330 427 1462 481 filu-t,
1490 430 1541 469 ἰή
1571 430 1651 470 mir
1686 426 1802 470 keine
1830 426 1943 484 Spur-
1968 429 2141 471 bekannt
2150 427 2206 485 α.)
2224 428 2290 486 ¹⁸).
2345 428 2500 487 Neque
2527 429 2567 472 id
2596 445 2676 487 per

289 510 335 539 se
363 496 589 540 verisimile
617 504 711 549 est3
758 498 844 541 veri
871 505 1014 541 autem
1041 498 1177 540 multo
1206 498 1468 548 dissimilius,
1506 497 1707 541 mulieres
1736 512 1792 540 ex
1821 497 2087 541 andronitide
2115 499 2169 541 ad
2198 500 2394 543 cubicula
2423 502 2677 552 ascendisse,

288 566 529 623 praesertim
560 582 692 625 quum
720 568 999 612 demonstrari
1026 568 1171 626 possit,
1201 568 1448 626 Penelopen
1477 582 1531 611 ex
1558 557 1783 613 mulierum
1813 570 1938 613 domo
1968 569 2023 613 ad
2053 567 2257 627 ὑπερῷον
2275 586 2397 615 suum
2418 572 2672 616 ascendisse.

289 637 402 681 Vide
441 638 552 682 enim
589 638 728 683 locum
767 640 986 684 laudatum
1027 639 1120 683 libri
1159 640 1308 698 primi,
1354 655 1457 683 num
1504 639 1624 684 aliter
1669 640 1804 697 possis
1849 640 2099 697 intelligere.
2157 640 2398 700 Penelope,
2446 654 2672 702 postquam

288 708 525 761 descendit,
553 711 689 754 stabat
718 725 853 768 prope
882 709 1081 764 σταθμὸν
1105 709 1256 765 τέγεος
1283 712 1309 754 i.
1338 725 1374 754 e.
1401 710 1444 754 iu
1472 704 1752 768 παραστάδι,
1780 712 1822 754 in
1850 711 2031 755 transitu
2050 745 2062 763 ‚
2108 728 2188 768 per
2215 728 2342 770 quem
2368 729 2419 757 ex
2448 715 2672 759 mulierum

287 794 390 823 oeco
430 781 482 824 ad
526 783 713 825 virorum
756 796 904 826 oecum
948 783 1261 840 perveniebant.
1318 782 1433 825 Tum
1469 782 1756 827 Telemachus
1794 797 1885 826 eam
1915 787 1996 827 356
2025 783 2253 841 alloquitur
2281 801 2293 827 ε
2318 778 2435 828 Ἀλλ’
2463 783 2529 836 εἷς
2554 781 2673 830 οἶκον

287 847 362 892 ιὀἴ
363 864 420 894 σα
444 848 501 894 τοὶ
528 853 566 895 σ’
595 846 733 909 αὐτῆς
760 850 868 910 ἔργα
896 850 1049 906 κόμιζε
1072 848 1196 896 ’ἱστὰν
1219 855 1256 896 τ’
1283 846 1495 911 ἠλακάτην
1519 868 1590 905 τε,
1620 854 1695 897 καὶ
1724 847 2025 910 οἷμφιπὸλοισι
2052 853 2201 898 κέλευε
2215 848 2369 912 Ἔργον
2393 854 2670 910 ἐποίχεσθαι.

291 922 344 965 V.
374 927 455 965 360
482 923 700 981 Penelope
730 918 896 967 οἶκόνδε
922 920 1127 981 βεβήκει,
1169 940 1210 966 ν.
1240 928 1320 966 362
1363 923 1408 974 ἐς
1435 923 1603 982 ὑπερῷ’
1630 919 1837 978 α’ναβᾶσα
1863 949 1917 956 -
1946 949 1999 956 -
2026 925 2174 968 κλαῖεν
2201 942 2241 969 κ.
2273 942 2308 968 τ.
2341 926 2380 969 λ.
2440 927 2671 971 Primum

284 992 415 1050 igitur
458 994 498 1036 in
540 1008 694 1039 oecum
737 994 958 1038 mulierum
1004 996 1092 1039 sive
1132 995 1264 1039 mavis
1303 995 1344 1038 in
1386 995 1559 1039 domum
1601 994 1827 1039 mulierum
1858 995 1943 1052 (1b1
1987 997 2097 1039 enim
2129 1006 2346 1041 matronae
2375 998 2536 1042 ancillis
2565 1015 2672 1057 opus

286 1066 571 1123 imperabant,
601 1066 655 1108 cf.
687 1066 766 1117 VI,
795 1070 888 1109 320.
918 1071 1010 1110 323.
1041 1071 1122 1110 324
1151 1067 1248 1110 coll.
1278 1070 1359 1110 354
1387 1066 1568 1117 εἲςελθε
1597 1076 1641 1110 et
1670 1067 1724 1110 de
1753 1067 1937 1119 aedd.1,
1968 1083 2009 1125 p.
2040 1069 2092 1111 27
2123 1068 2234 1111 adl.
2267 1068 2322 1126 l.)
2353 1070 2452 1121 ivit,
2482 1072 2670 1115 deinde

283 1136 325 1179 in
363 1132 566 1193 ὑπερῷον
606 1138 809 1181 ascendit.
838 1164 891 1170 -—
920 1144 960 1189 4,
990 1142 1065 1182 751
1108 1138 1322 1195 Penelope
1355 1139 1397 1181 in
1435 1135 1639 1197 ὑπερῷον
1672 1139 1888 1189 ascendit3
1937 1148 2083 1191 antea,
2132 1142 2187 1183 cf.
2218 1145 2314 1184 680.
2344 1143 2437 1185 682.
2468 1145 2560 1184 715.
2592 1146 2668 1186 718

284 1207 400 1261 (coll.
428 1224 556 1265 supra
580 1209 639 1259 ΙΙ,
668 1225 711 1264 p.
741 1212 781 1259 8,
810 1226 850 1251 v.
880 1209 925 1264 6)
955 1211 996 1252 in
1025 1209 1222 1252 inferiore
1252 1210 1400 1252 domus
1430 1210 1652 1252 mulierum
1683 1218 1816 1267 parte,
1843 1209 1885 1251 in
1914 1225 2016 1253 oeco
2045 1211 2272 1253 mulierum
2302 1223 2472 1255 versata
2501 1222 2602 1256 erat.
2620 1239 2663 1246 -

284 1283 350 1330 21,
382 1281 406 1323 5
433 1280 578 1334 regina
609 1278 865 1333 Κλίμακα
894 1280 974 1338 (δ’)
1002 1276 1174 1340 ὑψηλὴν
1201 1274 1496 1340 προςεβήσετο
1525 1274 1597 1323 οἷο
1627 1273 1782 1334 δόμοιο
1810 1288 1854 1323 et
1883 1282 2029 1324 scholl.
2060 1282 2110 1325 P.
2143 1282 2276 1339 Vulg.
2305 1284 2471 1327 addunt
2504 1282 2579 1340 τῆν
2613 1283 2669 1328 ἐκ

281 1351 370 1408 τῆς
409 1351 861 1406 γυναικωνίτιδος
898 1351 996 1409 (εἷς
1020 1351 1097 1409 τὴν
1125 1346 1363 1410 οἷποθὴκην,
1391 1350 1463 1396 ἵνα
1491 1351 1567 1410 τὴν
1595 1352 1713 1395 κλεῖν
1741 1344 1880 1410 λάβῃ)
1896 1386 1908 1407 ,
1952 1354 2065 1410 quod
2096 1355 2277 1397 mutabis
2305 1357 2346 1397 in
2378 1353 2474 1398 »ἵνα
2501 1355 2578 1411 τῆν
2605 1355 2669 1407 εἷς

279 1420 356 1479 τήν
382 1415 617 1482 α’ποθὴκην
640 1421 755 1466 κλεῖν
788 1416 933 1482 λα’βῃιι
977 1424 1184 1481 (Parisin.
1216 1427 1341 1479 1530,
1384 1424 1573 1482 Hervag.
1604 1426 1731 1467 etiam
1762 1424 2006 1480 corruptius
2033 1420 2107 1481 τήν
2135 1418 2295 1476 αὑταῖς
2319 1426 2671 1480 γυναικωνίτιδος

279 1508 317 1536 κ.
332 1509 369 1536 τ.
386 1494 457 1548 λ.).
491 1495 694 1538 Omnium
723 1503 861 1538 autem
892 1496 1134 1552 planissime
1161 1510 1252 1538 rem
1281 1496 1521 1539 describunt
1550 1510 1700 1538 versus
1729 1495 1824 1537 libri
1851 1497 1963 1546 23²⁸,
1993 1499 2044 1539 85
2066 1510 2156 1551 sqq.
2213 1495 2276 1538 Ibi
2304 1498 2414 1539 enim
2436 1497 2667 1555 Penelope,

280 1574 506 1624 postquam
536 1565 754 1611 descendit
783 1582 835 1611 ex
865 1557 1073 1624 ὑπερῴῳ,
1101 1583 1142 1609 v.
1173 1570 1225 1610 88
1253 1566 1418 1610 transiit
1445 1566 1572 1611 limen
1599 1566 1813 1625 lapideum
1846 1566 2016 1620 (domus
2046 1567 2284 1619 mulierum,
2313 1567 2365 1612 cf.
2398 1569 2448 1612 de
2480 1570 2600 1614 aedd.
2630 1570 2666 1621 Ι,

280 1653 322 1695 p.
354 1642 422 1689 29,
449 1654 488 1681 v.
517 1638 564 1695 3)
594 1645 636 1682 et
665 1638 854 1682 consedit
882 1637 926 1682 ἐν
953 1633 1094 1696 πυρός
1121 1631 1251 1696 αιῗγῇ,
1297 1639 1556 1695 colloquium
1584 1638 1748 1681 factura
1777 1652 1875 1680 cum
1906 1637 2054 1689 Ulixe,
2097 1639 2168 1694 qui
2208 1636 2325 1695 πρός
2350 1638 2472 1682 κίονα
2498 1637 2667 1698 μακρήν

278 1700 381 1766 ἧστο
411 1710 485 1766 (cf.
515 1709 569 1754 de
597 1709 717 1754 aedd.
747 1710 805 1762 ΙΙ,
834 1725 875 1768 p.
898 1714 964 1763 27,
992 1710 1114 1765 init.).
1147 1735 1191 1742 —
1225 1709 1456 1754 Mulierum
1486 1709 1615 1767 igitur
1644 1710 1789 1753 domui
1817 1719 2149 1766 superstructum
2179 1719 2270 1754 erat
2299 1708 2500 1769 ὑπερῷον
2527 1713 2664 1756 Pene-

278 1782 409 1841 lopes.
429 1808 483 1814 —
501 1784 566 1826 At
594 1798 648 1826 ne
676 1783 856 1826 cubabat
885 1784 1054 1841 quidem
1086 1783 1299 1839 Penelope
1328 1782 1504 1824 absente
1534 1782 1682 1825 marito
1713 1783 1755 1823 in
1785 1782 1980 1824 cubiculo
2010 1782 2198 1839 nuptiali.
2242 1783 2336 1826 Hoc
2357 1784 2461 1835 1:23,
2482 1787 2560 1827 190
2575 1801 2666 1843 sqq.

280 1864 480 1897 accurate
520 1856 766 1898 describitur
802 1865 845 1899 et
875 1873 913 1898 v.
948 1859 1036 1899 192.
1070 1860 1145 1897 193
1190 1856 1304 1909 »Τῷ
1343 1855 1382 1896 δ’
1411 1848 1495 1908 ἐγώ
1541 1849 1810 1910 ἀμφιβαλών
1856 1848 2059 1907 θάλαμον
2108 1854 2259 1906 δέμον,
2307 1850 2414 1912 ὄφρ’
2443 1855 2663 1907 ἐτέλεσσα,

278 1928 494 1985 Πυκνῇσιν
522 1919 783 1978 λιθάδεσσι,
811 1927 883 1970 καὶ
894 1920 962 1979 χεὖ
990 1920 1284 1984 καθύπερθεν
1311 1923 1488 1984 ἔρεψαα
1522 1928 1760 1977 declarant,
1801 1927 1918 1969 oleae
1946 1926 2277 1980 circumdatum,
2308 1943 2391 1969 non
2422 1938 2663 1985 superstru-

280 2005 397 2040 ctum
427 2012 521 2040 esse
550 1999 807 2042 cubiculum.
863 2001 1008 2051 Quare
1046 1998 1225 2040 Vossius
1266 1999 1318 2040 ad
1356 1999 1474 2039 illum
1512 1999 1654 2039 locum
1694 1999 1759 2040 ed.
1797 1998 1930 2054 princ.
1969 2005 2100 2051 repet.
2139 2014 2181 2054 p.
2210 2001 2308 2047 462,
2341 2002 2385 2040 11
2420 2008 2527 2041 extr.
2573 1999 2664 2042 „In

279 2070 430 2113 diesem
458 2070 645 2112 Ehebette
670 2070 777 2113 hatte
806 2071 1061 2125 Penelope-ia,
1091 2087 1135 2112 so
1163 2071 1285 2127 Zanye
1316 2070 1527 2124 Odysseus
1555 2070 1770 2112 abwesend
1796 2086 1905 2118 war,
1945 2070 2056 2111 nicht
2079 2069 2336 2125 yeschlajen,
2363 2072 2536 2113 sondern
2564 2071 2664 2113 oben-

277 2144 320 2183 ἰπ
346 2141 461 2183 ihrer
488 2141 738 2184 Kammeroe.
796 2142 990 2197 Denique
1034 2143 1122 2196 ipse
1167 2141 1315 2184 Ulixes
1356 2141 1397 2182 in
1441 2141 1676 2195 colloquio,
1722 2140 1839 2196 quod
1878 2155 1974 2182 cum
2010 2155 2145 2183 uxore
2178 2140 2221 2182 in
2258 2140 2455 2183 cubiculo
2485 2142 2663 2197 nuptiali

276 2212 390 2262 fecit,
419 2213 478 2256 sic
507 2229 518 2255 ε
546 2212 632 2268 (23,
663 2216 762 2264 364)
804 2209 919 2263 »Εἰς
945 2212 1112 2269 ὑπερῷ’
1141 2205 1359 2265 ἀναβᾶσα
1388 2209 1467 2255 σιῗν
1494 2204 1794 2267 ἀμφιπόλοισι
1821 2210 2014 2267 γυναιξίν
2034 2203 2224 2262 Ἠσθαι,
2264 2211 2375 2267 μηδὲ
2409 2228 2504 2254 τινα
2538 2228 2663 2269 προ-

275 2280 455 2328 τιόσσεο
480 2283 580 2341 μηδ’
607 2282 768 2340 ἐρέεινε
782 2301 819 2328 ιι.
879 2285 1028 2339 Itaque
1058 2284 1207 2327 eadem
1236 2283 1420 2333 scholia,
1451 2299 1557 2339 quae
1586 2299 1717 2338 supra
1751 2299 1928 2326 „omnes
1959 2282 2154 2325 mulieres
2183 2282 2223 2324 in
2253 2278 2478 2339 ὑπερῲοις
2506 2286 2660 2327 versari

278 2362 353 2398 aut
380 2362 495 2398 certe
525 2355 703 2399 cubare«
734 2356 899 2398 tradere
931 2355 1195 2405 videbantur,
1225 2354 1278 2397 ad
1304 2357 1350 2407 Γ,
1383 2357 1459 2397 125
1487 2361 1603 2397 recte
1632 2353 1880 2396 discernunt
1907 2353 1954 2396 ἐν
1978 2349 2190 2411 μεγάρῳ.·
2216 2351 2261 2397 ἐν
2287 2347 2482 2410 θαλάμῳ
2499 2368 2508 2376 ·
2536 2346 2664 2405 οὗτος

274 2425 360 2483 γάρ
389 2424 644 2483 ἐνδιαίτημα
669 2427 973 2484 γαμηθεισῶν,
1007 2426 1149 2484 χηρῶν
1178 2425 1228 2469 δὲ
1254 2426 1326 2468 καὶ
1356 2424 1593 2481 παρθένων
1618 2420 1822 2480 ὑπερῷον
1852 2424 1908 2468 A.
1939 2425 1988 2467 B.
2020 2425 2065 2467 L.
2096 2450 2148 2456 —
2179 2425 2353 2468 Addere
2378 2435 2518 2468 tamen
2546 2427 2660 2475 licet,

276 2499 403 2542 etiam
430 2499 609 2542 famulas
640 2491 995 2556 θαλαμηπόλους
1022 2514 1154 2557 prope
1190 2498 1421 2541 thalamum
1460 2495 1736 2547 excubuisse,
1776 2496 1828 2539 cf.
1859 2500 1926 2550 23,
1957 2499 2037 2538 229
2067 2505 2110 2538 et
2137 2496 2259 2538 Eust.
2288 2512 2329 2554 p.
2361 2499 2480 2547 1943,
2508 2499 2561 2538 56
2590 2497 2657 2538 vel

276 2566 400 2614 suum
430 2572 673 2615 cubiculum
703 2572 897 2615 habuisse
925 2575 990 2622 23,
1019 2573 1261 2619 293—295;
1304 2571 1431 2613 immo
1463 2570 1528 2611 vel
1558 2569 1816 2624 Eurycleam
1847 2568 1946 2610 ibid.
1976 2584 2015 2609 v.
2046 2572 2126 2611 292
2155 2561 2320 2611 οἶκόνδε
2347 2569 2388 2610 in
2417 2568 2657 2610 cubiculum

275 2658 399 2686 suum
428 2643 554 2701 plano
582 2643 690 2702 pede
720 2643 920 2687 accedere
950 2643 1092 2686 videri.
1150 2640 1287 2685 Οἵκου
1323 2641 1434 2686 enim
1471 2655 1600 2692 voce,
1642 2640 1707 2692 id,
1752 2641 1868 2698 quod
1899 2641 1951 2683 de
1984 2641 2105 2684 aedd.
2136 2640 2171 2691 Ι,
2201 2656 2240 2697 p.
2271 2644 2295 2682 5
2323 2650 2463 2683 annot.
2493 2656 2533 2681 v.
2563 2642 2602 2682 8.
2631 2642 2658 2682 9

275 2715 327 2756 ab
369 2715 490 2757 infer.
519 2730 651 2771 marg.
682 2716 927 2765 statuimus,
970 2731 1099 2757 unum
1139 2714 1308 2757 aedium
1347 2713 1589 2755 cubiculum
1630 2712 1857 2766 significari
1888 2713 2027 2769 potuit
2057 2712 2109 2753 cf.
2141 2712 2355 2752 Chariton.
2385 2711 2437 2751 de
2465 2711 2660 2754 Chaerea

275 2794 317 2829 et
345 2784 490 2828 Callir.
519 2785 599 2836 IV,
628 2790 655 2827 3
687 2786 785 2829 »καὶ
813 2780 941 2836 αὐτὸς
966 2784 1045 2838 μὲν
1071 2779 1336 2838 ἄνεπαύετο,
1380 2775 1591 2840 καθάπερ
1620 2774 1667 2838 ἦν
1695 2780 1803 2833 ἔθος
1832 2777 1971 2839 αὐτῷ,
2010 2787 2108 2832 τοῖς
2132 2781 2182 2824 δὲ
2208 2780 2525 2839 Συρακουσίοις
2550 2797 2660 2825 νεα-

410 3028 451 3071 ¹⁸)
475 3030 544 3060 Hic
573 3028 760 3059 cavendum
792 3033 860 3068 est,
890 3039 933 3060 ne
965 3031 1042 3070 quis
1074 3031 1187 3067 dicat,
1215 3039 1270 3060 rue
1294 3029 1484 3059 Hermanni
1515 3028 1631 3058 verbis
1663 3034 1698 3059 et
1725 3028 1782 3059 hic
1807 3034 1840 3058 et
1863 3037 1965 3067 supra
1988 3025 2242 3065 (Privmlema.
2265 3028 2295 3065 3
2322 3025 2378 3064 19)
2401 3027 2545 3058 abusum
2571 3038 2658 3060 esse..

274 3084 347 3117 Hic
377 3086 466 3117 enim
496 3095 621 3128 negare
645 3083 883 3117 Hermaunum
905 3086 1016 3118 scalas
1047 3096 1091 3118 ex
1121 3085 1286 3118 inferiore
1317 3090 1411 3127 parte
1439 3083 1558 3116 domus
1583 3085 1764 3118 mulierum
1787 3085 1829 3116 ad
1854 3077 2004 3131 ὑπιρῷον
2029 3081 2224 3123 ejusdem
2249 3083 2370 3115 domus
2394 3084 2554 3123 duxisse,
2588 3085 2657 3116 illic

274 3152 342 3175 non
373 3144 633 3186 gynaeconitim
663 3152 748 3175 oeco
781 3145 930 3175 virorum
960 3148 1248 3184 superati-uotam,
1280 3142 1341 3175 sed
1371 3142 1475 3174 aedes
1504 3142 1686 3173 mulierum
1717 3151 1836 3173 oecum
1867 3141 2012 3171 virorum
2036 3139 2218 3172 altitudine
2243 3146 2445 3182 superantes
2470 3143 2654 3184 designari.

274 3199 339 3233 eui
368 3202 559 3235 sentcntiae
588 3201 638 3234 sic
661 3209 816 3233 occurro.
863 3198 917 3231 De
941 3198 1058 3240 scalis,
1083 3208 1170 3240 quas
1194 3198 1303 3240 dicis,
1323 3199 1398 3242 ipse
1421 3198 1595 3232 Homerus
1620 3198 1830 3232 contrarium
1848 3191 1968 3237 'docet‚
1991 3206 2026 3231 V.
2053 3206 2142 3238 quae
2166 3197 2309 3231 afferam
2335 3199 2376 3231 de
2401 3198 2571 3239 Penelope
2594 3208 2656 3240 per

273 3257 384 3290 scalas
406 3257 452 3290 ad
478 3253 633 3307 ὑπερῷον
656 3258 870 3290 ascendente.
917 3255 1032 3288 Aedes
1061 3255 1244 3288 mulierum
1276 3266 1398 3289 oecum
1420 3257 1576 3288 virorum
1599 3256 1774 3288 altitudine
1798 3262 1976 3294 superasse
2001 3262 2071 3285 non
2096 3262 2208 3298 nego;
2242 3254 2459 3288 Hermannus
2484 3259 2594 3286 autem
2619 3254 2653 3285 id

273 3315 429 3345 docuisse
460 3315 546 3346 mihi
577 3326 645 3347 non
678 3315 852 3347 videbatur
882 3319 915 3345 et
948 3314 992 3345 ob
1023 3314 1233 3355 pronominis
1256 3314 1424 3354 formam,
1456 3323 1525 3354 qua
1548 3322 1628 3345 usus
1652 3318 1703 3343 est
1728 3310 1826 3343 „aber
1848 3309 2020 3342 welcher-
2046 3317 2081 3342 et
2104 3312 2186 3353 quia
2210 3312 2361 3344 familiae
2386 3312 2546 3344 cubicula.
2568 3320 2657 3342 oeeo

273 3371 421 3403 virorum
446 3370 668 3412 circumjecta
692 3373 797 3405 fuisse
820 3370 966 3410 dixerat,
992 3369 1035 3403 de
1058 3368 1201 3402 aedibus
1224 3371 1405 3412 mulierum
1429 3374 1539 3413 pout
1562 3378 1682 3402 oeeum
1708 3368 1856 3399 virorum
1880 3368 2069 3401 exstructis
2094 3369 2305 3402 mentionem
2328 3379 2397 3401 nou
2422 3369 2560 3399 fecerat.
