<?xml version="1.0" encoding="UTF-8"?>
<!DOCTYPE html PUBLIC "-//W3C//DTD XHTML 1.0 Transitional//EN"
    "http://www.w3.org/TR/xhtml1/DTD/xhtml1-transitional.dtd">
<html xmlns="http://www.w3.org/1999/xhtml" xml:lang="en" lang="en">
 <head>
  <title>
</title>
<meta http-equiv="Content-Type" content="text/html;charset=utf-8" />
  <meta name='ocr-system' content='tesseract 3.04.00' />
  <meta name='ocr-capabilities' content='ocr_page ocr_carea ocr_par ocr_line ocrx_word'/>
</head>
<body>
  <div class='ocr_page' id='page_1' title='image "4770466_0046.png"; bbox 0 0 2955 3681; ppageno 0'>
   <div class='ocr_carea' id='block_1_1' title="bbox 1475 106 1540 153">
    <p class='ocr_par' dir='ltr' id='par_1_1' title="bbox 1475 106 1540 153">
     <span class='ocr_line' id='line_1_1' title="bbox 1475 106 1540 153; baseline 0 0"><span class='ocrx_word' id='word_1_1' title='bbox 1475 106 1540 153; x_wconf 82' lang='grc'><strong>66</strong></span> 
     </span>
    </p>
   </div>
   <div class='ocr_carea' id='block_1_2' title="bbox 298 249 2700 2385">
    <p class='ocr_par' dir='ltr' id='par_1_2' title="bbox 298 249 2700 2385">
     <span class='ocr_line' id='line_1_2' title="bbox 304 249 2699 313; baseline -0.002 -13"><span class='ocrx_word' id='word_1_2' title='bbox 304 257 438 313; x_wconf 78' lang='lat' dir='ltr'><strong>vulgo</strong></span> <span class='ocrx_word' id='word_1_3' title='bbox 464 255 528 306; x_wconf 84' lang='lat' dir='ltr'><strong>fit,</strong></span> <span class='ocrx_word' id='word_1_4' title='bbox 561 268 721 313; x_wconf 70' lang='lat' dir='ltr'><strong>»prope</strong></span> <span class='ocrx_word' id='word_1_5' title='bbox 750 254 889 311; x_wconf 82' lang='lat' dir='ltr'><strong>ipsum</strong></span> <span class='ocrx_word' id='word_1_6' title='bbox 919 253 1033 311; x_wconf 78' lang='lat' dir='ltr'><strong>apud</strong></span> <span class='ocrx_word' id='word_1_7' title='bbox 1062 251 1211 295; x_wconf 76' lang='lat' dir='ltr'><strong>sellam</strong></span> <span class='ocrx_word' id='word_1_8' title='bbox 1239 252 1403 295; x_wconf 70' lang='lat' dir='ltr'><strong>stabat«</strong></span> <span class='ocrx_word' id='word_1_9' title='bbox 1433 250 1459 294; x_wconf 90' lang='lat' dir='ltr'><strong>i.</strong></span> <span class='ocrx_word' id='word_1_10' title='bbox 1488 265 1525 293; x_wconf 91' lang='lat' dir='ltr'><strong>e.</strong></span> <span class='ocrx_word' id='word_1_11' title='bbox 1554 249 1746 293; x_wconf 85' lang='lat' dir='ltr'><strong>constitit</strong></span> <span class='ocrx_word' id='word_1_12' title='bbox 1772 250 1827 292; x_wconf 81' lang='lat' dir='ltr'><strong>ad</strong></span> <span class='ocrx_word' id='word_1_13' title='bbox 1854 251 2003 294; x_wconf 77' lang='lat' dir='ltr'><strong>sellam</strong></span> <span class='ocrx_word' id='word_1_14' title='bbox 2035 254 2162 296; x_wconf 83' lang='lat' dir='ltr'>Ulixi.</span> <span class='ocrx_word' id='word_1_15' title='bbox 2217 254 2393 296; x_wconf 78' lang='lat' dir='ltr'><strong>Faesius</strong></span> <span class='ocrx_word' id='word_1_16' title='bbox 2422 254 2554 303; x_wconf 80' lang='lat' dir='ltr'><strong>solus,</strong></span> <span class='ocrx_word' id='word_1_17' title='bbox 2581 254 2699 310; x_wconf 86' lang='lat' dir='ltr'><strong>quod</strong></span> 
     </span>
     <span class='ocr_line' id='line_1_3' title="bbox 302 320 2698 382; baseline -0.002 -12"><span class='ocrx_word' id='word_1_18' title='bbox 302 329 460 378; x_wconf 71' lang='lat' dir='ltr'><strong>eciam,</strong></span> <span class='ocrx_word' id='word_1_19' title='bbox 497 326 805 382; x_wconf 84' lang='lat' dir='ltr'><strong>interpretatur</strong></span> <span class='ocrx_word' id='word_1_20' title='bbox 847 338 1017 382; x_wconf 73' lang='lat' dir='ltr'><strong>»prope</strong></span> <span class='ocrx_word' id='word_1_21' title='bbox 1047 323 1179 380; x_wconf 78' lang='lat' dir='ltr'><strong>ipsius</strong></span> <span class='ocrx_word' id='word_1_22' title='bbox 1209 321 1494 377; x_wconf 76' lang='lat' dir='ltr'>(Telemachi)</span> <span class='ocrx_word' id='word_1_23' title='bbox 1525 321 1708 364; x_wconf 74' lang='lat' dir='ltr'><strong>sellam«</strong></span> <span class='ocrx_word' id='word_1_24' title='bbox 1740 320 1836 364; x_wconf 89' lang='lat' dir='ltr'><strong>coll.</strong></span> <span class='ocrx_word' id='word_1_25' title='bbox 1869 324 1948 363; x_wconf 87' lang='grc'><strong>139</strong></span> <span class='ocrx_word' id='word_1_26' title='bbox 1975 329 2020 365; x_wconf 84' lang='lat' dir='ltr'><strong>et</strong></span> <span class='ocrx_word' id='word_1_27' title='bbox 2053 327 2148 375; x_wconf 90' lang='lat'><strong>118,</strong></span> <span class='ocrx_word' id='word_1_28' title='bbox 2177 324 2327 374; x_wconf 82' lang='lat' dir='ltr'><strong>eredo,</strong></span> <span class='ocrx_word' id='word_1_29' title='bbox 2355 339 2409 367; x_wconf 86' lang='lat' dir='ltr'><strong>ne</strong></span> <span class='ocrx_word' id='word_1_30' title='bbox 2438 323 2554 367; x_wconf 84' lang='lat' dir='ltr'>Ulixi</span> <span class='ocrx_word' id='word_1_31' title='bbox 2581 325 2698 379; x_wconf 81' lang='lat' dir='ltr'><strong>sella,</strong></span> 
     </span>
     <span class='ocr_line' id='line_1_4' title="bbox 303 385 2696 456; baseline -0.001 -15"><span class='ocrx_word' id='word_1_32' title='bbox 303 413 416 456; x_wconf 84' lang='lat' dir='ltr'><strong>quae</strong></span> <span class='ocrx_word' id='word_1_33' title='bbox 445 401 515 448; x_wconf 87' lang='lat'><strong>21,</strong></span> <span class='ocrx_word' id='word_1_34' title='bbox 543 400 627 439; x_wconf 87' lang='grc'><strong>420</strong></span> <span class='ocrx_word' id='word_1_35' title='bbox 655 393 821 453; x_wconf 88' lang='grc' dir='ltr'><strong><em>δίφρος</em></strong></span> <span class='ocrx_word' id='word_1_36' title='bbox 848 395 1120 446; x_wconf 82' lang='lat' dir='ltr'><strong>nominatur,</strong></span> <span class='ocrx_word' id='word_1_37' title='bbox 1148 394 1298 439; x_wconf 86' lang='lat' dir='ltr'><strong>eadem</strong></span> <span class='ocrx_word' id='word_1_38' title='bbox 1327 394 1395 437; x_wconf 90' lang='lat' dir='ltr'><strong>hic</strong></span> <span class='ocrx_word' id='word_1_39' title='bbox 1426 385 1585 450; x_wconf 88' lang='grc' dir='ltr'><strong><em>θρόνος</em></strong></span> <span class='ocrx_word' id='word_1_40' title='bbox 1612 391 1911 451; x_wconf 78' lang='lat' dir='ltr'><strong>appellaretur.</strong></span> <span class='ocrx_word' id='word_1_41' title='bbox 1969 392 2181 449; x_wconf 82' lang='lat' dir='ltr'>Equidem</span> <span class='ocrx_word' id='word_1_42' title='bbox 2210 396 2356 440; x_wconf 77' lang='lat' dir='ltr'><strong>falsam</strong></span> <span class='ocrx_word' id='word_1_43' title='bbox 2386 396 2555 453; x_wconf 90' lang='lat' dir='ltr'><strong>quidem</strong></span> <span class='ocrx_word' id='word_1_44' title='bbox 2583 396 2696 439; x_wconf 80' lang='lat' dir='ltr'><strong>illam</strong></span> 
     </span>
     <span class='ocr_line' id='line_1_5' title="bbox 301 464 2698 527; baseline -0.001 -14"><span class='ocrx_word' id='word_1_45' title='bbox 301 469 469 527; x_wconf 88' lang='grc' dir='ltr'><strong><em>δίφρου</em></strong></span> <span class='ocrx_word' id='word_1_46' title='bbox 495 469 779 511; x_wconf 84' lang='lat' dir='ltr'><strong>definitionem</strong></span> <span class='ocrx_word' id='word_1_47' title='bbox 812 468 929 509; x_wconf 74' lang='lat' dir='ltr'><strong>»eine</strong></span> <span class='ocrx_word' id='word_1_48' title='bbox 956 466 1083 510; x_wconf 81' lang='lat' dir='ltr'><strong>Bank</strong></span> <span class='ocrx_word' id='word_1_49' title='bbox 1110 465 1210 508; x_wconf 80' lang='lat' dir='ltr'><strong>oder</strong></span> <span class='ocrx_word' id='word_1_50' title='bbox 1238 466 1304 508; x_wconf 77' lang='lat' dir='ltr'><strong>oin</strong></span> <span class='ocrx_word' id='word_1_51' title='bbox 1334 464 1453 509; x_wconf 70' lang='lat' dir='ltr'><strong>stulu</strong></span> <span class='ocrx_word' id='word_1_52' title='bbox 1475 466 1574 509; x_wconf 78' lang='lat' dir='ltr'><strong>elme</strong></span> <span class='ocrx_word' id='word_1_53' title='bbox 1602 464 1764 516; x_wconf 67' lang='lat' dir='ltr'><strong>Latine,</strong></span> <span class='ocrx_word' id='word_1_54' title='bbox 1792 464 2051 522; x_wconf 75' lang='lat' dir='ltr'><strong>derqleichen</strong></span> <span class='ocrx_word' id='word_1_55' title='bbox 2077 465 2163 509; x_wconf 69' lang='lat' dir='ltr'><strong>sich</strong></span> <span class='ocrx_word' id='word_1_56' title='bbox 2190 469 2298 510; x_wconf 72' lang='lat' dir='ltr'><strong>ancli</strong></span> <span class='ocrx_word' id='word_1_57' title='bbox 2327 467 2398 510; x_wconf 71' lang='lat' dir='ltr'><strong>bei</strong></span> <span class='ocrx_word' id='word_1_58' title='bbox 2432 467 2698 512; x_wconf 69' lang='lat' dir='ltr'><strong>Vmehm</strong></span> 
     </span>
     <span class='ocr_line' id='line_1_6' title="bbox 303 535 2697 598; baseline -0.001 -13"><span class='ocrx_word' id='word_1_59' title='bbox 303 544 350 586; x_wconf 64' lang='lat' dir='ltr'><strong>in</strong></span> <span class='ocrx_word' id='word_1_60' title='bbox 375 544 453 584; x_wconf 81' lang='lat' dir='ltr'><strong>den</strong></span> <span class='ocrx_word' id='word_1_61' title='bbox 481 539 896 598; x_wconf 55' lang='lat' dir='ltr'><strong>Nemeam,</strong></span> <span class='ocrx_word' id='word_1_62' title='bbox 924 538 1287 592; x_wconf 77' lang='lat' dir='ltr'><strong>Schlafkammem</strong></span> <span class='ocrx_word' id='word_1_63' title='bbox 1315 552 1355 580; x_wconf 81' lang='lat' dir='ltr'><strong>u.</strong></span> <span class='ocrx_word' id='word_1_64' title='bbox 1383 537 1467 595; x_wconf 75' lang='lat' dir='ltr'><strong>dql.</strong></span> <span class='ocrx_word' id='word_1_65' title='bbox 1487 536 1689 593; x_wconf 73' lang='lat' dir='ltr'><strong>finden«,</strong></span> <span class='ocrx_word' id='word_1_66' title='bbox 1731 535 1927 579; x_wconf 86' lang='lat' dir='ltr'><strong>Grashof.</strong></span> <span class='ocrx_word' id='word_1_67' title='bbox 1955 538 2069 593; x_wconf 89' lang='lat' dir='ltr'><strong>apud</strong></span> <span class='ocrx_word' id='word_1_68' title='bbox 2100 536 2297 580; x_wconf 86' lang='lat' dir='ltr'><strong>Faesium</strong></span> <span class='ocrx_word' id='word_1_69' title='bbox 2327 539 2379 581; x_wconf 88' lang='lat' dir='ltr'><strong>ad</strong></span> <span class='ocrx_word' id='word_1_70' title='bbox 2410 540 2460 582; x_wconf 92' lang='lat'><strong>11.</strong></span> <span class='ocrx_word' id='word_1_71' title='bbox 2491 539 2572 590; x_wconf 91' lang='grc' dir='ltr'><strong>ΙΙΙ,</strong></span> <span class='ocrx_word' id='word_1_72' title='bbox 2601 543 2697 590; x_wconf 88' lang='grc'><strong>424,</strong></span> 
     </span>
     <span class='ocr_line' id='line_1_7' title="bbox 304 600 2699 666; baseline -0 -10"><span class='ocrx_word' id='word_1_73' title='bbox 304 630 389 657; x_wconf 88' lang='lat' dir='ltr'><strong>non</strong></span> <span class='ocrx_word' id='word_1_74' title='bbox 435 611 635 662; x_wconf 86' lang='lat' dir='ltr'>dixerim,</span> <span class='ocrx_word' id='word_1_75' title='bbox 686 611 760 654; x_wconf 83' lang='lat' dir='ltr'><strong>sed</strong></span> <span class='ocrx_word' id='word_1_76' title='bbox 803 621 945 652; x_wconf 84' lang='lat' dir='ltr'><strong>tamen</strong></span> <span class='ocrx_word' id='word_1_77' title='bbox 987 608 1152 666; x_wconf 86' lang='grc' dir='ltr'><strong><em>δίφρον</em></strong></span> <span class='ocrx_word' id='word_1_78' title='bbox 1187 607 1449 662; x_wconf 77' lang='lat' dir='ltr'><strong>generaliore</strong></span> <span class='ocrx_word' id='word_1_79' title='bbox 1490 600 1653 665; x_wconf 88' lang='grc' dir='ltr'><strong><em>θρόνου</em></strong></span> <span class='ocrx_word' id='word_1_80' title='bbox 1679 606 1847 650; x_wconf 89' lang='lat' dir='ltr'><strong>nomine</strong></span> <span class='ocrx_word' id='word_1_81' title='bbox 1878 607 2104 664; x_wconf 82' lang='lat' dir='ltr'><strong>significari</strong></span> <span class='ocrx_word' id='word_1_82' title='bbox 2134 623 2259 665; x_wconf 86' lang='lat' dir='ltr'><strong>posse</strong></span> <span class='ocrx_word' id='word_1_83' title='bbox 2289 617 2416 666; x_wconf 90' lang='lat' dir='ltr'><strong>puto,</strong></span> <span class='ocrx_word' id='word_1_84' title='bbox 2465 626 2547 653; x_wconf 88' lang='lat' dir='ltr'><strong>non</strong></span> <span class='ocrx_word' id='word_1_85' title='bbox 2577 611 2699 655; x_wconf 86' lang='lat' dir='ltr'><strong>aliter</strong></span> 
     </span>
     <span class='ocr_line' id='line_1_8' title="bbox 301 673 2698 741; baseline -0.002 -13"><span class='ocrx_word' id='word_1_86' title='bbox 301 694 433 741; x_wconf 86' lang='lat' dir='ltr'><strong>atque</strong></span> <span class='ocrx_word' id='word_1_87' title='bbox 463 679 657 738; x_wconf 71' lang='grc' dir='ltr'><strong><em>κλισμόν,</em></strong></span> <span class='ocrx_word' id='word_1_88' title='bbox 687 682 742 725; x_wconf 87' lang='lat' dir='ltr'><strong>cf.</strong></span> <span class='ocrx_word' id='word_1_89' title='bbox 771 681 945 732; x_wconf 87' lang='lat' dir='ltr'><strong>XXIV,</strong></span> <span class='ocrx_word' id='word_1_90' title='bbox 975 682 1055 722; x_wconf 90' lang='grc'><strong>515</strong></span> <span class='ocrx_word' id='word_1_91' title='bbox 1085 675 1183 723; x_wconf 73' lang='grc' dir='ltr'><strong><em>ἀπό</em></strong></span> <span class='ocrx_word' id='word_1_92' title='bbox 1210 674 1378 734; x_wconf 91' lang='grc' dir='ltr'><strong><em>θρόνου</em></strong></span> <span class='ocrx_word' id='word_1_93' title='bbox 1405 678 1500 721; x_wconf 91' lang='lat' dir='ltr'><strong>coll.</strong></span> <span class='ocrx_word' id='word_1_94' title='bbox 1530 681 1612 722; x_wconf 85' lang='lat'><strong>598</strong></span> <span class='ocrx_word' id='word_1_95' title='bbox 1640 678 1808 735; x_wconf 76' lang='grc' dir='ltr'><strong><em>κλισμῷ</em></strong></span> <span class='ocrx_word' id='word_1_96' title='bbox 1835 676 2160 736; x_wconf 70' lang='grc' dir='ltr'><strong><em>πολυδαιδάλῳ</em></strong></span> <span class='ocrx_word' id='word_1_97' title='bbox 2188 675 2347 723; x_wconf 78' lang='grc' dir='ltr'><strong><em>ἔνθεν</em></strong></span> <span class='ocrx_word' id='word_1_98' title='bbox 2374 673 2561 738; x_wconf 82' lang='grc' dir='ltr'><strong><em>οἷνέστη;</em></strong></span> <span class='ocrx_word' id='word_1_99' title='bbox 2591 682 2698 726; x_wconf 88' lang='lat' dir='ltr'><strong>adde</strong></span> 
     </span>
     <span class='ocr_line' id='line_1_9' title="bbox 303 743 2697 809; baseline -0.002 -9"><span class='ocrx_word' id='word_1_100' title='bbox 303 756 502 800; x_wconf 84' lang='lat' dir='ltr'><strong>Eustath.</strong></span> <span class='ocrx_word' id='word_1_101' title='bbox 517 758 635 807; x_wconf 89' lang='grc'><strong>1366,</strong></span> <span class='ocrx_word' id='word_1_102' title='bbox 656 759 711 798; x_wconf 88' lang='grc'><strong>60</strong></span> <span class='ocrx_word' id='word_1_103' title='bbox 743 753 832 797; x_wconf 84' lang='grc' dir='ltr'><strong>Καὶ</strong></span> <span class='ocrx_word' id='word_1_104' title='bbox 860 746 947 809; x_wconf 78' lang='grc' dir='ltr'><strong>ὅρα</strong></span> <span class='ocrx_word' id='word_1_105' title='bbox 972 748 1220 807; x_wconf 70' lang='grc' dir='ltr'><strong><em>ταύτότητα</em></strong></span> <span class='ocrx_word' id='word_1_106' title='bbox 1248 748 1310 800; x_wconf 81' lang='grc' dir='ltr'><strong>ὠς</strong></span> <span class='ocrx_word' id='word_1_107' title='bbox 1328 748 1372 793; x_wconf 83' lang='grc' dir='ltr'><strong>ἐν</strong></span> <span class='ocrx_word' id='word_1_108' title='bbox 1399 749 1685 806; x_wconf 81' lang='grc' dir='ltr'><strong><em>πολυωνυμίᾳ</em></strong></span> <span class='ocrx_word' id='word_1_109' title='bbox 1715 743 1893 807; x_wconf 89' lang='grc' dir='ltr'><strong><em>θρόνου,</em></strong></span> <span class='ocrx_word' id='word_1_110' title='bbox 1923 751 2219 808; x_wconf 83' lang='grc' dir='ltr'><strong><em>δίφρου(578)</em></strong></span> <span class='ocrx_word' id='word_1_111' title='bbox 2239 750 2312 794; x_wconf 82' lang='grc' dir='ltr'><strong>καὶ</strong></span> <span class='ocrx_word' id='word_1_112' title='bbox 2333 751 2522 805; x_wconf 77' lang='grc' dir='ltr'><strong><em>κλισμοῦ</em></strong></span> <span class='ocrx_word' id='word_1_113' title='bbox 2539 754 2697 806; x_wconf 80' lang='grc' dir='ltr'><strong><em>κ.τ.λ.;</em></strong></span> 
     </span>
     <span class='ocr_line' id='line_1_10' title="bbox 302 815 2697 885; baseline -0.002 -15"><span class='ocrx_word' id='word_1_114' title='bbox 302 844 345 885; x_wconf 88' lang='lat' dir='ltr'><strong>p.</strong></span> <span class='ocrx_word' id='word_1_115' title='bbox 380 830 499 878; x_wconf 90' lang='grc'><strong>1515,</strong></span> <span class='ocrx_word' id='word_1_116' title='bbox 529 830 584 870; x_wconf 89' lang='grc'><strong>50</strong></span> <span class='ocrx_word' id='word_1_117' title='bbox 613 824 774 882; x_wconf 81' lang='grc' dir='ltr'><strong><em>δίφρος</em></strong></span> <span class='ocrx_word' id='word_1_118' title='bbox 799 849 855 856; x_wconf 92' lang='grc'><strong>-</strong></span> <span class='ocrx_word' id='word_1_119' title='bbox 884 821 1055 880; x_wconf 87' lang='grc' dir='ltr'><strong><em>θρόνου</em></strong></span> <span class='ocrx_word' id='word_1_120' title='bbox 1082 824 1174 865; x_wconf 79' lang='grc' dir='ltr'><strong><em>κατ’</em></strong></span> <span class='ocrx_word' id='word_1_121' title='bbox 1201 816 1318 865; x_wconf 78' lang='grc' dir='ltr'><strong><em>οἶκον</em></strong></span> <span class='ocrx_word' id='word_1_122' title='bbox 1343 815 1488 873; x_wconf 77' lang='grc' dir='ltr'><strong><em>εἶδος;</em></strong></span> <span class='ocrx_word' id='word_1_123' title='bbox 1517 838 1557 879; x_wconf 91' lang='lat' dir='ltr'><strong>p.</strong></span> <span class='ocrx_word' id='word_1_124' title='bbox 1586 826 1684 873; x_wconf 90' lang='lat'><strong>413,</strong></span> <span class='ocrx_word' id='word_1_125' title='bbox 1719 826 1733 864; x_wconf 88' lang='lat'><strong>1</strong></span> <span class='ocrx_word' id='word_1_126' title='bbox 1768 820 1928 878; x_wconf 84' lang='grc' dir='ltr'><strong><em>δίφρον</em></strong></span> <span class='ocrx_word' id='word_1_127' title='bbox 1957 820 2178 865; x_wconf 75' lang='grc' dir='ltr'><strong><em>αἐικέλιον</em></strong></span> <span class='ocrx_word' id='word_1_128' title='bbox 2204 815 2297 878; x_wconf 76' lang='grc' dir='ltr'><strong><em>ἤτοι</em></strong></span> <span class='ocrx_word' id='word_1_129' title='bbox 2327 817 2514 878; x_wconf 85' lang='grc' dir='ltr'><strong><em>θρόνον;</em></strong></span> <span class='ocrx_word' id='word_1_130' title='bbox 2543 824 2614 866; x_wconf 87' lang='lat' dir='ltr'><strong>Et.</strong></span> <span class='ocrx_word' id='word_1_131' title='bbox 2634 825 2697 867; x_wconf 84' lang='lat' dir='ltr'><strong>M.</strong></span> 
     </span>
     <span class='ocr_line' id='line_1_11' title="bbox 303 889 2699 955; baseline -0.001 -15"><span class='ocrx_word' id='word_1_132' title='bbox 303 916 345 955; x_wconf 90' lang='lat' dir='ltr'><strong>p.</strong></span> <span class='ocrx_word' id='word_1_133' title='bbox 375 901 470 947; x_wconf 94' lang='grc'><strong>279,</strong></span> <span class='ocrx_word' id='word_1_134' title='bbox 498 902 552 939; x_wconf 90' lang='grc'><strong>34</strong></span> <span class='ocrx_word' id='word_1_135' title='bbox 594 895 795 952; x_wconf 79' lang='grc' dir='ltr'><strong><em>σημαίνει</em></strong></span> <span class='ocrx_word' id='word_1_136' title='bbox 839 894 890 936; x_wconf 81' lang='grc' dir='ltr'><strong>δὲ</strong></span> <span class='ocrx_word' id='word_1_137' title='bbox 930 890 1102 951; x_wconf 79' lang='grc' dir='ltr'><strong><em>θρόνον.</em></strong></span> <span class='ocrx_word' id='word_1_138' title='bbox 1160 893 1279 945; x_wconf 88' lang='lat' dir='ltr'><strong>Quin</strong></span> <span class='ocrx_word' id='word_1_139' title='bbox 1324 893 1474 941; x_wconf 90' lang='lat' dir='ltr'><strong>etiam,</strong></span> <span class='ocrx_word' id='word_1_140' title='bbox 1524 894 1638 949; x_wconf 92' lang='lat' dir='ltr'><strong>quod</strong></span> <span class='ocrx_word' id='word_1_141' title='bbox 1668 893 1829 934; x_wconf 87' lang='lat' dir='ltr'><strong>scholia</strong></span> <span class='ocrx_word' id='word_1_142' title='bbox 1857 894 1910 934; x_wconf 90' lang='lat' dir='ltr'><strong>ad</strong></span> <span class='ocrx_word' id='word_1_143' title='bbox 1940 906 1981 944; x_wconf 80' lang='grc' dir='ltr'><strong>α,</strong></span> <span class='ocrx_word' id='word_1_144' title='bbox 2019 894 2094 936; x_wconf 83' lang='grc'><strong>145</strong></span> <span class='ocrx_word' id='word_1_145' title='bbox 2124 891 2167 937; x_wconf 83' lang='grc' dir='ltr'><strong><em>οἱ</em></strong></span> <span class='ocrx_word' id='word_1_146' title='bbox 2196 891 2246 936; x_wconf 82' lang='grc' dir='ltr'><strong>δὲ</strong></span> <span class='ocrx_word' id='word_1_147' title='bbox 2271 890 2331 951; x_wconf 81' lang='grc' dir='ltr'><em>μή</em></span> <span class='ocrx_word' id='word_1_148' title='bbox 2363 889 2532 947; x_wconf 80' lang='grc' dir='ltr'><strong><em>ἔχοντες</em></strong></span> <span class='ocrx_word' id='word_1_149' title='bbox 2557 894 2699 938; x_wconf 83' lang='grc' dir='ltr'><strong><em>ταῦτα</em></strong></span> 
     </span>
     <span class='ocr_line' id='line_1_12' title="bbox 302 960 2699 1027; baseline -0.001 -15"><span class='ocrx_word' id='word_1_150' title='bbox 302 968 539 1027; x_wconf 71' lang='grc' dir='ltr'><strong><em>(κλιντῇρα)</em></strong></span> <span class='ocrx_word' id='word_1_151' title='bbox 570 960 731 1023; x_wconf 85' lang='grc' dir='ltr'><strong><em>θρόνοι</em></strong></span> <span class='ocrx_word' id='word_1_152' title='bbox 760 967 856 1009; x_wconf 89' lang='lat' dir='ltr'><strong>coll.</strong></span> <span class='ocrx_word' id='word_1_153' title='bbox 885 967 1096 1022; x_wconf 86' lang='lat' dir='ltr'><strong>Porphyr.</strong></span> <span class='ocrx_word' id='word_1_154' title='bbox 1125 966 1177 1008; x_wconf 88' lang='lat' dir='ltr'><strong>ad</strong></span> <span class='ocrx_word' id='word_1_155' title='bbox 1205 966 1256 1007; x_wconf 90' lang='lat' dir='ltr'><strong>Il.</strong></span> <span class='ocrx_word' id='word_1_156' title='bbox 1284 968 1326 1013; x_wconf 90' lang='lat'><strong>1,</strong></span> <span class='ocrx_word' id='word_1_157' title='bbox 1357 968 1411 1006; x_wconf 92' lang='grc'><strong>90</strong></span> <span class='ocrx_word' id='word_1_158' title='bbox 1450 972 1693 1019; x_wconf 78' lang='lat' dir='ltr'><strong>repugnant</strong></span> <span class='ocrx_word' id='word_1_159' title='bbox 1727 964 1931 1020; x_wconf 77' lang='lat' dir='ltr'><strong>Hesychii</strong></span> <span class='ocrx_word' id='word_1_160' title='bbox 1973 965 2141 1021; x_wconf 77' lang='lat' dir='ltr'><strong>glossae</strong></span> <span class='ocrx_word' id='word_1_161' title='bbox 2180 960 2346 1023; x_wconf 78' lang='grc' dir='ltr'><strong><em>θρόνος</em></strong></span> <span class='ocrx_word' id='word_1_162' title='bbox 2388 966 2417 1010; x_wconf 85' lang='grc' dir='ltr'><strong>α’</strong></span> <span class='ocrx_word' id='word_1_163' title='bbox 2428 961 2699 1018; x_wconf 75' lang='grc' dir='ltr'><strong><em>νάκλιτος</em></strong></span> 
     </span>
     <span class='ocr_line' id='line_1_13' title="bbox 302 1035 2697 1098; baseline -0.001 -13"><span class='ocrx_word' id='word_1_164' title='bbox 302 1039 489 1098; x_wconf 91' lang='grc' dir='ltr'><strong><em>δίφρος,</em></strong></span> <span class='ocrx_word' id='word_1_165' title='bbox 518 1055 639 1083; x_wconf 84' lang='lat' dir='ltr'><strong>meae</strong></span> <span class='ocrx_word' id='word_1_166' title='bbox 666 1036 1004 1094; x_wconf 76' lang='lat' dir='ltr'><strong>interpretationi</strong></span> <span class='ocrx_word' id='word_1_167' title='bbox 1035 1036 1311 1078; x_wconf 74' lang='lat' dir='ltr'><strong>obsecundat.</strong></span> <span class='ocrx_word' id='word_1_168' title='bbox 1359 1035 1481 1076; x_wconf 89' lang='lat' dir='ltr'><strong>Neve</strong></span> <span class='ocrx_word' id='word_1_169' title='bbox 1502 1044 1678 1092; x_wconf 88' lang='lat' dir='ltr'><strong>propter</strong></span> <span class='ocrx_word' id='word_1_170' title='bbox 1698 1040 1763 1085; x_wconf 84' lang='lat'><strong>22,</strong></span> <span class='ocrx_word' id='word_1_171' title='bbox 1784 1039 1832 1076; x_wconf 86' lang='lat'><strong>91</strong></span> <span class='ocrx_word' id='word_1_172' title='bbox 1866 1036 1957 1091; x_wconf 88' lang='lat' dir='ltr'><strong>quis</strong></span> <span class='ocrx_word' id='word_1_173' title='bbox 1985 1045 2108 1093; x_wconf 86' lang='lat' dir='ltr'><strong>putet</strong></span> <span class='ocrx_word' id='word_1_174' title='bbox 2136 1037 2439 1080; x_wconf 87' lang='lat' dir='ltr'><strong>Telemachum</strong></span> <span class='ocrx_word' id='word_1_175' title='bbox 2469 1045 2697 1094; x_wconf 82' lang='lat' dir='ltr'><strong>antequam</strong></span> 
     </span>
     <span class='ocr_line' id='line_1_14' title="bbox 304 1106 2697 1170; baseline -0.002 -14"><span class='ocrx_word' id='word_1_176' title='bbox 304 1112 646 1170; x_wconf 89' lang='lat' dir='ltr'><strong>Amphinomum</strong></span> <span class='ocrx_word' id='word_1_177' title='bbox 684 1126 709 1152; x_wconf 88' lang='lat' dir='ltr'><strong>a</strong></span> <span class='ocrx_word' id='word_1_178' title='bbox 746 1118 866 1166; x_wconf 84' lang='lat' dir='ltr'><strong>tergo</strong></span> <span class='ocrx_word' id='word_1_179' title='bbox 894 1106 1154 1151; x_wconf 85' lang='lat' dir='ltr'><strong>transfixerit</strong></span> <span class='ocrx_word' id='word_1_180' title='bbox 1190 1108 1334 1160; x_wconf 87' lang='lat' dir='ltr'><strong>hasta,</strong></span> <span class='ocrx_word' id='word_1_181' title='bbox 1382 1107 1509 1163; x_wconf 87' lang='lat' dir='ltr'><strong>longe</strong></span> <span class='ocrx_word' id='word_1_182' title='bbox 1538 1122 1562 1148; x_wconf 91' lang='lat' dir='ltr'><strong>a</strong></span> <span class='ocrx_word' id='word_1_183' title='bbox 1591 1116 1712 1163; x_wconf 89' lang='lat' dir='ltr'><strong>patre</strong></span> <span class='ocrx_word' id='word_1_184' title='bbox 1750 1107 1949 1157; x_wconf 83' lang='lat' dir='ltr'><strong>abfuisse,</strong></span> <span class='ocrx_word' id='word_1_185' title='bbox 1999 1106 2130 1150; x_wconf 82' lang='lat' dir='ltr'><strong>affero</strong></span> <span class='ocrx_word' id='word_1_186' title='bbox 2160 1108 2347 1150; x_wconf 85' lang='lat' dir='ltr'><strong>scholion</strong></span> <span class='ocrx_word' id='word_1_187' title='bbox 2380 1109 2614 1161; x_wconf 66' lang='lat' dir='ltr'><strong>vulgatum</strong></span> <span class='ocrx_word' id='word_1_188' title='bbox 2644 1110 2697 1151; x_wconf 89' lang='lat' dir='ltr'><strong>ad</strong></span> 
     </span>
     <span class='ocr_line' id='line_1_15' title="bbox 302 1169 2700 1236; baseline 0 -12"><span class='ocrx_word' id='word_1_189' title='bbox 302 1185 420 1224; x_wconf 81' lang='lat' dir='ltr'><strong>illum</strong></span> <span class='ocrx_word' id='word_1_190' title='bbox 453 1198 624 1223; x_wconf 86' lang='lat' dir='ltr'><strong>versum</strong></span> <span class='ocrx_word' id='word_1_191' title='bbox 657 1177 813 1236; x_wconf 67' lang='grc' dir='ltr'><strong><em>»ἐγγύς</em></strong></span> <span class='ocrx_word' id='word_1_192' title='bbox 840 1180 921 1221; x_wconf 86' lang='grc' dir='ltr'><strong><em>τοῦ</em></strong></span> <span class='ocrx_word' id='word_1_193' title='bbox 948 1177 1196 1228; x_wconf 78' lang='grc' dir='ltr'><strong><em>Ὀδυσσέως</em></strong></span> <span class='ocrx_word' id='word_1_194' title='bbox 1223 1169 1445 1233; x_wconf 80' lang='grc' dir='ltr'><strong><em>γενόμενον</em></strong></span> <span class='ocrx_word' id='word_1_195' title='bbox 1470 1176 1546 1219; x_wconf 83' lang='grc' dir='ltr'><strong>τόν</strong></span> <span class='ocrx_word' id='word_1_196' title='bbox 1574 1175 1838 1234; x_wconf 84' lang='grc' dir='ltr'><strong><em>Ἀμφίνομον</em></strong></span> <span class='ocrx_word' id='word_1_197' title='bbox 1878 1172 2243 1234; x_wconf 76' lang='grc' dir='ltr'><strong><em>παραλλάξας</em></strong></span> <span class='ocrx_word' id='word_1_198' title='bbox 2283 1176 2392 1224; x_wconf 73' lang='grc' dir='ltr'><strong><em>κατα</em></strong></span> <span class='ocrx_word' id='word_1_199' title='bbox 2435 1181 2517 1224; x_wconf 85' lang='grc' dir='ltr'><strong><em>τοῦ</em></strong></span> <span class='ocrx_word' id='word_1_200' title='bbox 2557 1177 2700 1225; x_wconf 69' lang='grc' dir='ltr'><strong><em>νώτου</em></strong></span> 
     </span>
     <span class='ocr_line' id='line_1_16' title="bbox 302 1249 2698 1308; baseline 0 -11"><span class='ocrx_word' id='word_1_201' title='bbox 302 1252 471 1308; x_wconf 79' lang='grc' dir='ltr'><strong><em>ἔβαλεν.</em></strong></span> <span class='ocrx_word' id='word_1_202' title='bbox 516 1253 756 1303; x_wconf 77' lang='lat' dir='ltr'><strong>Postremo,</strong></span> <span class='ocrx_word' id='word_1_203' title='bbox 786 1268 916 1307; x_wconf 87' lang='lat' dir='ltr'><strong>quum</strong></span> <span class='ocrx_word' id='word_1_204' title='bbox 947 1251 1017 1292; x_wconf 89' lang='lat' dir='ltr'><strong>vix</strong></span> <span class='ocrx_word' id='word_1_205' title='bbox 1047 1250 1306 1306; x_wconf 81' lang='lat' dir='ltr'><strong>intelligatur</strong></span> <span class='ocrx_word' id='word_1_206' title='bbox 1334 1252 1375 1290; x_wconf 90' lang='lat' dir='ltr'><strong>in</strong></span> <span class='ocrx_word' id='word_1_207' title='bbox 1405 1252 1608 1290; x_wconf 81' lang='lat' dir='ltr'><strong>extremis</strong></span> <span class='ocrx_word' id='word_1_208' title='bbox 1638 1250 1732 1290; x_wconf 89' lang='lat' dir='ltr'><strong>libri</strong></span> <span class='ocrx_word' id='word_1_209' title='bbox 1762 1251 1856 1291; x_wconf 73' lang='lat' dir='ltr'><strong>21mi</strong></span> <span class='ocrx_word' id='word_1_210' title='bbox 1883 1249 2084 1300; x_wconf 89' lang='lat' dir='ltr'><strong>versibus,</strong></span> <span class='ocrx_word' id='word_1_211' title='bbox 2114 1265 2191 1292; x_wconf 90' lang='lat' dir='ltr'><strong>cur</strong></span> <span class='ocrx_word' id='word_1_212' title='bbox 2211 1252 2491 1294; x_wconf 83' lang='lat' dir='ltr'><strong>Telemachus</strong></span> <span class='ocrx_word' id='word_1_213' title='bbox 2511 1262 2698 1297; x_wconf 84' lang='lat' dir='ltr'><strong>armatus</strong></span> 
     </span>
     <span class='ocr_line' id='line_1_17' title="bbox 302 1320 2698 1381; baseline 0 -14"><span class='ocrx_word' id='word_1_214' title='bbox 302 1326 426 1369; x_wconf 87' lang='lat' dir='ltr'><strong>hasta</strong></span> <span class='ocrx_word' id='word_1_215' title='bbox 454 1333 496 1368; x_wconf 88' lang='lat' dir='ltr'><strong>et</strong></span> <span class='ocrx_word' id='word_1_216' title='bbox 525 1325 665 1381; x_wconf 88' lang='lat' dir='ltr'><strong>gladio</strong></span> <span class='ocrx_word' id='word_1_217' title='bbox 695 1323 764 1378; x_wconf 75' lang='lat' dir='ltr'><strong>(cf.</strong></span> <span class='ocrx_word' id='word_1_218' title='bbox 796 1323 925 1365; x_wconf 87' lang='lat' dir='ltr'><strong>Voss.</strong></span> <span class='ocrx_word' id='word_1_219' title='bbox 963 1322 1030 1364; x_wconf 91' lang='lat' dir='ltr'><strong>ed.</strong></span> <span class='ocrx_word' id='word_1_220' title='bbox 1061 1320 1095 1376; x_wconf 89' lang='lat' dir='ltr'><strong>I,</strong></span> <span class='ocrx_word' id='word_1_221' title='bbox 1123 1337 1164 1377; x_wconf 91' lang='lat' dir='ltr'><strong>p.</strong></span> <span class='ocrx_word' id='word_1_222' title='bbox 1193 1322 1289 1371; x_wconf 88' lang='grc'><strong>460,</strong></span> <span class='ocrx_word' id='word_1_223' title='bbox 1317 1323 1369 1362; x_wconf 88' lang='grc'><strong>35</strong></span> <span class='ocrx_word' id='word_1_224' title='bbox 1401 1335 1496 1361; x_wconf 88' lang='lat' dir='ltr'><strong>cum</strong></span> <span class='ocrx_word' id='word_1_225' title='bbox 1528 1323 1594 1369; x_wconf 87' lang='grc'><strong>22,</strong></span> <span class='ocrx_word' id='word_1_226' title='bbox 1629 1323 1723 1373; x_wconf 92' lang='grc'><strong>113)</strong></span> <span class='ocrx_word' id='word_1_227' title='bbox 1753 1336 1885 1376; x_wconf 89' lang='lat' dir='ltr'><strong>prope</strong></span> <span class='ocrx_word' id='word_1_228' title='bbox 1916 1336 2058 1362; x_wconf 90' lang='lat' dir='ltr'><strong>suam</strong></span> <span class='ocrx_word' id='word_1_229' title='bbox 2089 1321 2235 1363; x_wconf 90' lang='lat' dir='ltr'><strong>sellam</strong></span> <span class='ocrx_word' id='word_1_230' title='bbox 2263 1322 2510 1372; x_wconf 87' lang='lat' dir='ltr'><strong>constiterit,</strong></span> <span class='ocrx_word' id='word_1_231' title='bbox 2540 1326 2698 1381; x_wconf 89' lang='lat' dir='ltr'><strong>optime</strong></span> 
     </span>
     <span class='ocr_line' id='line_1_18' title="bbox 301 1390 2696 1454; baseline -0.001 -15"><span class='ocrx_word' id='word_1_232' title='bbox 301 1398 412 1439; x_wconf 85' lang='lat' dir='ltr'><strong>filius</strong></span> <span class='ocrx_word' id='word_1_233' title='bbox 452 1411 586 1454; x_wconf 89' lang='lat' dir='ltr'><strong>prope</strong></span> <span class='ocrx_word' id='word_1_234' title='bbox 628 1396 682 1437; x_wconf 90' lang='lat' dir='ltr'><strong>ad</strong></span> <span class='ocrx_word' id='word_1_235' title='bbox 727 1402 891 1451; x_wconf 89' lang='lat' dir='ltr'><strong>patrem</strong></span> <span class='ocrx_word' id='word_1_236' title='bbox 935 1393 1045 1448; x_wconf 85' lang='lat' dir='ltr'><strong>(jam</strong></span> <span class='ocrx_word' id='word_1_237' title='bbox 1084 1390 1426 1443; x_wconf 84' lang='lat' dir='ltr'><strong>defendendum)</strong></span> <span class='ocrx_word' id='word_1_238' title='bbox 1465 1391 1645 1447; x_wconf 90' lang='lat' dir='ltr'><strong>ejusque</strong></span> <span class='ocrx_word' id='word_1_239' title='bbox 1681 1391 1825 1434; x_wconf 90' lang='lat' dir='ltr'><strong>sellam</strong></span> <span class='ocrx_word' id='word_1_240' title='bbox 1854 1391 2055 1434; x_wconf 85' lang='lat' dir='ltr'><strong>accedere</strong></span> <span class='ocrx_word' id='word_1_241' title='bbox 2085 1391 2261 1442; x_wconf 88' lang='lat' dir='ltr'><strong>dicitur,</strong></span> <span class='ocrx_word' id='word_1_242' title='bbox 2311 1409 2407 1435; x_wconf 89' lang='lat' dir='ltr'><strong>nam</strong></span> <span class='ocrx_word' id='word_1_243' title='bbox 2438 1394 2496 1436; x_wconf 90' lang='lat' dir='ltr'><strong>sic</strong></span> <span class='ocrx_word' id='word_1_244' title='bbox 2527 1395 2696 1437; x_wconf 91' lang='lat' dir='ltr'><strong>demum</strong></span> 
     </span>
     <span class='ocr_line' id='line_1_19' title="bbox 302 1461 2699 1526; baseline 0 -16"><span class='ocrx_word' id='word_1_245' title='bbox 302 1468 434 1526; x_wconf 86' lang='lat' dir='ltr'><strong>patris</strong></span> <span class='ocrx_word' id='word_1_246' title='bbox 462 1468 585 1509; x_wconf 89' lang='lat' dir='ltr'><strong>nutui</strong></span> <span class='ocrx_word' id='word_1_247' title='bbox 615 1468 672 1521; x_wconf 92' lang='lat' dir='ltr'><strong>(V.</strong></span> <span class='ocrx_word' id='word_1_248' title='bbox 701 1465 804 1522; x_wconf 87' lang='lat'><strong>431)</strong></span> <span class='ocrx_word' id='word_1_249' title='bbox 833 1472 949 1508; x_wconf 89' lang='lat' dir='ltr'><strong>recte</strong></span> <span class='ocrx_word' id='word_1_250' title='bbox 978 1464 1253 1521; x_wconf 88' lang='lat' dir='ltr'><strong>obtemperat.</strong></span> <span class='ocrx_word' id='word_1_251' title='bbox 1300 1487 1353 1494; x_wconf 90' lang='lat'>—</span> <span class='ocrx_word' id='word_1_252' title='bbox 1400 1461 1649 1516; x_wconf 87' lang='lat' dir='ltr'><strong>Quartus</strong></span> <span class='ocrx_word' id='word_1_253' title='bbox 1691 1463 1812 1519; x_wconf 89' lang='lat' dir='ltr'><strong>isque</strong></span> <span class='ocrx_word' id='word_1_254' title='bbox 1856 1463 2174 1519; x_wconf 75' lang='lat' dir='ltr'><strong>potentissimus</strong></span> <span class='ocrx_word' id='word_1_255' title='bbox 2203 1464 2319 1507; x_wconf 86' lang='lat' dir='ltr'><strong>Ulixi</strong></span> <span class='ocrx_word' id='word_1_256' title='bbox 2349 1466 2488 1508; x_wconf 87' lang='lat' dir='ltr'><strong>socius</strong></span> <span class='ocrx_word' id='word_1_257' title='bbox 2519 1469 2699 1510; x_wconf 85' lang='lat' dir='ltr'><strong>accessit</strong></span> 
     </span>
     <span class='ocr_line' id='line_1_20' title="bbox 302 1528 2697 1596; baseline -0 -13"><span class='ocrx_word' id='word_1_258' title='bbox 302 1542 477 1583; x_wconf 92' lang='lat' dir='ltr'><strong>Mentor</strong></span> <span class='ocrx_word' id='word_1_259' title='bbox 505 1541 531 1580; x_wconf 92' lang='lat' dir='ltr'><strong>i.</strong></span> <span class='ocrx_word' id='word_1_260' title='bbox 561 1553 598 1581; x_wconf 92' lang='lat' dir='ltr'><strong>e.</strong></span> <span class='ocrx_word' id='word_1_261' title='bbox 629 1545 857 1596; x_wconf 87' lang='lat' dir='ltr'><strong>personata</strong></span> <span class='ocrx_word' id='word_1_262' title='bbox 886 1536 1080 1579; x_wconf 88' lang='lat' dir='ltr'><strong>Minerva</strong></span> <span class='ocrx_word' id='word_1_263' title='bbox 1107 1534 1161 1579; x_wconf 84' lang='lat' dir='ltr'><strong>cf.</strong></span> <span class='ocrx_word' id='word_1_264' title='bbox 1193 1550 1229 1578; x_wconf 89' lang='lat' dir='ltr'><strong>V.</strong></span> <span class='ocrx_word' id='word_1_265' title='bbox 1259 1538 1339 1578; x_wconf 88' lang='grc'><strong>203</strong></span> <span class='ocrx_word' id='word_1_266' title='bbox 1370 1549 1460 1593; x_wconf 92' lang='lat' dir='ltr'><strong>sqq.</strong></span> <span class='ocrx_word' id='word_1_267' title='bbox 1508 1528 1650 1578; x_wconf 83' lang='grc' dir='ltr'><strong><em>Ἔνθα</em></strong></span> <span class='ocrx_word' id='word_1_268' title='bbox 1687 1533 1813 1587; x_wconf 89' lang='grc' dir='ltr'><strong><em>μένος</em></strong></span> <span class='ocrx_word' id='word_1_269' title='bbox 1856 1533 2074 1585; x_wconf 83' lang='grc' dir='ltr'><strong><em>πνείοντες</em></strong></span> <span class='ocrx_word' id='word_1_270' title='bbox 2114 1534 2379 1591; x_wconf 78' lang='grc' dir='ltr'><strong><em>ἐφέστασαν,</em></strong></span> <span class='ocrx_word' id='word_1_271' title='bbox 2423 1535 2468 1581; x_wconf 77' lang='grc' dir='ltr'><strong><em>οἱ</em></strong></span> <span class='ocrx_word' id='word_1_272' title='bbox 2508 1538 2586 1591; x_wconf 82' lang='grc' dir='ltr'><strong>μέν</strong></span> <span class='ocrx_word' id='word_1_273' title='bbox 2628 1536 2697 1583; x_wconf 79' lang='grc' dir='ltr'><strong>ἐπ’</strong></span> 
     </span>
     <span class='ocr_line' id='line_1_21' title="bbox 299 1599 2696 1668; baseline -0.001 -13"><span class='ocrx_word' id='word_1_274' title='bbox 299 1612 465 1655; x_wconf 86' lang='grc' dir='ltr'><strong><em>ου’δοῦ</em></strong></span> <span class='ocrx_word' id='word_1_275' title='bbox 496 1610 735 1666; x_wconf 82' lang='grc' dir='ltr'><strong><em>Τέσσαρες,</em></strong></span> <span class='ocrx_word' id='word_1_276' title='bbox 765 1609 810 1652; x_wconf 83' lang='grc' dir='ltr'><strong><em>οἱ</em></strong></span> <span class='ocrx_word' id='word_1_277' title='bbox 840 1607 878 1650; x_wconf 90' lang='grc' dir='ltr'><strong>δ’</strong></span> <span class='ocrx_word' id='word_1_278' title='bbox 894 1605 1129 1651; x_wconf 81' lang='grc' dir='ltr'><strong><em>ἔντοσθε</em></strong></span> <span class='ocrx_word' id='word_1_279' title='bbox 1158 1599 1337 1660; x_wconf 84' lang='grc' dir='ltr'><strong><em>δόμων</em></strong></span> <span class='ocrx_word' id='word_1_280' title='bbox 1365 1605 1526 1656; x_wconf 83' lang='grc' dir='ltr'><strong><em>πολέες</em></strong></span> <span class='ocrx_word' id='word_1_281' title='bbox 1551 1621 1599 1649; x_wconf 88' lang='grc' dir='ltr'><strong><em>τε</em></strong></span> <span class='ocrx_word' id='word_1_282' title='bbox 1628 1606 1702 1650; x_wconf 82' lang='grc' dir='ltr'><strong>καὶ</strong></span> <span class='ocrx_word' id='word_1_283' title='bbox 1731 1605 1897 1651; x_wconf 83' lang='grc' dir='ltr'><strong><em>ἐσθλοί.</em></strong></span> <span class='ocrx_word' id='word_1_284' title='bbox 1939 1611 2063 1651; x_wconf 84' lang='grc' dir='ltr'><strong><em>Τοῖσι</em></strong></span> <span class='ocrx_word' id='word_1_285' title='bbox 2093 1608 2131 1651; x_wconf 74' lang='grc' dir='ltr'><strong>δ’</strong></span> <span class='ocrx_word' id='word_1_286' title='bbox 2146 1607 2215 1652; x_wconf 82' lang='grc' dir='ltr'><strong>ἐπ’</strong></span> <span class='ocrx_word' id='word_1_287' title='bbox 2244 1606 2478 1664; x_wconf 79' lang='grc' dir='ltr'><strong><em>α’γχίμολον</em></strong></span> <span class='ocrx_word' id='word_1_288' title='bbox 2496 1606 2696 1668; x_wconf 74' lang='grc' dir='ltr'><strong><em>θυγάτηρ</em></strong></span> 
     </span>
     <span class='ocr_line' id='line_1_22' title="bbox 300 1673 2697 1739; baseline -0 -12"><span class='ocrx_word' id='word_1_289' title='bbox 300 1683 409 1732; x_wconf 85' lang='grc' dir='ltr'><strong><em>Διὸς</em></strong></span> <span class='ocrx_word' id='word_1_290' title='bbox 437 1675 573 1738; x_wconf 74' lang='grc' dir='ltr'><strong><em>ἦλθεν</em></strong></span> <span class='ocrx_word' id='word_1_291' title='bbox 602 1673 765 1739; x_wconf 71' lang='grc' dir='ltr'><strong><em>Ἀθήνη</em></strong></span> <span class='ocrx_word' id='word_1_292' title='bbox 795 1680 990 1735; x_wconf 87' lang='grc' dir='ltr'><strong><em>Μέντορι</em></strong></span> <span class='ocrx_word' id='word_1_293' title='bbox 1018 1677 1218 1735; x_wconf 84' lang='grc' dir='ltr'><strong><em>εἰδομένη</em></strong></span> <span class='ocrx_word' id='word_1_294' title='bbox 1248 1694 1283 1720; x_wconf 83' lang='grc' dir='ltr'><strong>κ.</strong></span> <span class='ocrx_word' id='word_1_295' title='bbox 1298 1678 1387 1721; x_wconf 93' lang='grc' dir='ltr'><strong><em>τ.λ.</em></strong></span> <span class='ocrx_word' id='word_1_296' title='bbox 1449 1678 1643 1720; x_wconf 89' lang='lat' dir='ltr'><strong>Minerva</strong></span> <span class='ocrx_word' id='word_1_297' title='bbox 1671 1686 1810 1721; x_wconf 90' lang='lat' dir='ltr'><strong>tamen</strong></span> <span class='ocrx_word' id='word_1_298' title='bbox 1835 1680 1923 1736; x_wconf 89' lang='lat' dir='ltr'><strong>jam</strong></span> <span class='ocrx_word' id='word_1_299' title='bbox 1955 1683 2034 1723; x_wconf 86' lang='grc'><strong>239</strong></span> <span class='ocrx_word' id='word_1_300' title='bbox 2063 1680 2236 1723; x_wconf 90' lang='lat' dir='ltr'><strong>avolans</strong></span> <span class='ocrx_word' id='word_1_301' title='bbox 2266 1680 2456 1725; x_wconf 88' lang='lat' dir='ltr'><strong>consedit</strong></span> <span class='ocrx_word' id='word_1_302' title='bbox 2485 1683 2697 1726; x_wconf 90' lang='lat' dir='ltr'><strong>hirundini</strong></span> 
     </span>
     <span class='ocr_line' id='line_1_23' title="bbox 301 1745 2695 1811; baseline -0 -13"><span class='ocrx_word' id='word_1_303' title='bbox 301 1756 446 1799; x_wconf 88' lang='lat' dir='ltr'><strong>similis</strong></span> <span class='ocrx_word' id='word_1_304' title='bbox 475 1746 764 1802; x_wconf 81' lang='grc' dir='ltr'><strong><em>αἰθαλόεντος</em></strong></span> <span class='ocrx_word' id='word_1_305' title='bbox 788 1750 870 1796; x_wconf 72' lang='grc' dir='ltr'><strong>ἀνα</strong></span> <span class='ocrx_word' id='word_1_306' title='bbox 896 1745 1112 1808; x_wconf 74' lang='grc' dir='ltr'><strong><em>μεγάροιο</em></strong></span> <span class='ocrx_word' id='word_1_307' title='bbox 1138 1750 1365 1805; x_wconf 84' lang='grc' dir='ltr'><strong><em>μέλαθρον</em></strong></span> <span class='ocrx_word' id='word_1_308' title='bbox 1386 1752 1475 1791; x_wconf 89' lang='lat' dir='ltr'><strong>sive</strong></span> <span class='ocrx_word' id='word_1_309' title='bbox 1506 1747 1800 1799; x_wconf 83' lang='grc' dir='ltr'><strong><em>αἰθαλόεντας</em></strong></span> <span class='ocrx_word' id='word_1_310' title='bbox 1826 1745 1907 1792; x_wconf 63' lang='lat' dir='ltr'><strong>dmi</strong></span> <span class='ocrx_word' id='word_1_311' title='bbox 1934 1751 2078 1808; x_wconf 75' lang='grc' dir='ltr'><strong><em>ῥῶγας</em></strong></span> <span class='ocrx_word' id='word_1_312' title='bbox 2103 1747 2329 1808; x_wconf 81' lang='grc' dir='ltr'><strong><em>μεγάροιο,</em></strong></span> <span class='ocrx_word' id='word_1_313' title='bbox 2360 1768 2398 1795; x_wconf 89' lang='lat' dir='ltr'><strong>V.</strong></span> <span class='ocrx_word' id='word_1_314' title='bbox 2420 1768 2545 1810; x_wconf 91' lang='lat' dir='ltr'><strong>supra</strong></span> <span class='ocrx_word' id='word_1_315' title='bbox 2565 1770 2606 1811; x_wconf 91' lang='lat' dir='ltr'><strong>p.</strong></span> <span class='ocrx_word' id='word_1_316' title='bbox 2626 1757 2695 1805; x_wconf 88' lang='lat'><strong>41,</strong></span> 
     </span>
     <span class='ocr_line' id='line_1_24' title="bbox 303 1816 2697 1882; baseline 0 -14"><span class='ocrx_word' id='word_1_317' title='bbox 303 1843 342 1869; x_wconf 89' lang='lat' dir='ltr'><strong>v.</strong></span> <span class='ocrx_word' id='word_1_318' title='bbox 354 1830 402 1869; x_wconf 90' lang='lat'><strong>31</strong></span> <span class='ocrx_word' id='word_1_319' title='bbox 425 1842 531 1882; x_wconf 68' lang='lat' dir='ltr'><strong>sqq„</strong></span> <span class='ocrx_word' id='word_1_320' title='bbox 548 1833 589 1867; x_wconf 89' lang='lat' dir='ltr'><strong>et</strong></span> <span class='ocrx_word' id='word_1_321' title='bbox 601 1841 643 1881; x_wconf 92' lang='lat' dir='ltr'><strong>p.</strong></span> <span class='ocrx_word' id='word_1_322' title='bbox 655 1828 708 1866; x_wconf 84' lang='lat'><strong>42</strong></span> <span class='ocrx_word' id='word_1_323' title='bbox 724 1825 749 1866; x_wconf 90' lang='lat' dir='ltr'><strong>i.</strong></span> <span class='ocrx_word' id='word_1_324' title='bbox 767 1840 804 1866; x_wconf 92' lang='lat' dir='ltr'><strong>e.</strong></span> <span class='ocrx_word' id='word_1_325' title='bbox 823 1824 864 1866; x_wconf 89' lang='lat' dir='ltr'><strong>in</strong></span> <span class='ocrx_word' id='word_1_326' title='bbox 879 1824 1065 1866; x_wconf 85' lang='lat' dir='ltr'><strong>tabulato</strong></span> <span class='ocrx_word' id='word_1_327' title='bbox 1079 1816 1315 1878; x_wconf 84' lang='grc' dir='ltr'><strong><em>μεσόδμης,</em></strong></span> <span class='ocrx_word' id='word_1_328' title='bbox 1331 1822 1405 1876; x_wconf 76' lang='grc' dir='ltr'><strong>τῆς</strong></span> <span class='ocrx_word' id='word_1_329' title='bbox 1420 1816 1684 1878; x_wconf 81' lang='grc' dir='ltr'><strong><em>κρεμάθρας</em></strong></span> <span class='ocrx_word' id='word_1_330' title='bbox 1698 1823 1767 1875; x_wconf 87' lang='lat' dir='ltr'><strong>(cf.</strong></span> <span class='ocrx_word' id='word_1_331' title='bbox 1781 1826 1893 1879; x_wconf 90' lang='lat' dir='ltr'><strong>p.39,</strong></span> <span class='ocrx_word' id='word_1_332' title='bbox 1907 1839 1942 1865; x_wconf 85' lang='lat' dir='ltr'><strong>V.</strong></span> <span class='ocrx_word' id='word_1_333' title='bbox 1956 1827 2001 1864; x_wconf 83' lang='lat'><strong>21</strong></span> <span class='ocrx_word' id='word_1_334' title='bbox 2023 1839 2111 1880; x_wconf 88' lang='lat' dir='ltr'><strong>sqq.</strong></span> <span class='ocrx_word' id='word_1_335' title='bbox 2126 1832 2167 1866; x_wconf 88' lang='lat' dir='ltr'><strong>et</strong></span> <span class='ocrx_word' id='word_1_336' title='bbox 2180 1829 2220 1880; x_wconf 85' lang='lat' dir='ltr'><strong>p.</strong></span> <span class='ocrx_word' id='word_1_337' title='bbox 2231 1827 2316 1877; x_wconf 85' lang='lat'><strong>40),</strong></span> <span class='ocrx_word' id='word_1_338' title='bbox 2333 1825 2500 1881; x_wconf 90' lang='lat' dir='ltr'><strong>qualem</strong></span> <span class='ocrx_word' id='word_1_339' title='bbox 2517 1825 2568 1868; x_wconf 82' lang='lat' dir='ltr'><strong>ab</strong></span> <span class='ocrx_word' id='word_1_340' title='bbox 2585 1834 2697 1869; x_wconf 89' lang='lat' dir='ltr'><strong>utra-</strong></span> 
     </span>
     <span class='ocr_line' id='line_1_25' title="bbox 300 1893 2697 1954; baseline 0 -14"><span class='ocrx_word' id='word_1_341' title='bbox 300 1913 384 1954; x_wconf 91' lang='lat' dir='ltr'><strong>que</strong></span> <span class='ocrx_word' id='word_1_342' title='bbox 405 1905 527 1953; x_wconf 90' lang='lat' dir='ltr'><strong>parte</strong></span> <span class='ocrx_word' id='word_1_343' title='bbox 546 1896 689 1949; x_wconf 80' lang='grc' dir='ltr'><strong><em>μυχοῦ</em></strong></span> <span class='ocrx_word' id='word_1_344' title='bbox 708 1896 799 1939; x_wconf 92' lang='lat' dir='ltr'><strong>oeci</strong></span> <span class='ocrx_word' id='word_1_345' title='bbox 818 1904 1079 1938; x_wconf 88' lang='lat' dir='ltr'><strong>exstructam</strong></span> <span class='ocrx_word' id='word_1_346' title='bbox 1100 1893 1230 1936; x_wconf 88' lang='lat' dir='ltr'><strong>fuisse</strong></span> <span class='ocrx_word' id='word_1_347' title='bbox 1254 1894 1450 1935; x_wconf 86' lang='lat' dir='ltr'><strong>diximus.</strong></span> <span class='ocrx_word' id='word_1_348' title='bbox 1483 1895 1617 1936; x_wconf 89' lang='lat' dir='ltr'><strong>Recte</strong></span> <span class='ocrx_word' id='word_1_349' title='bbox 1638 1895 1766 1945; x_wconf 77' lang='lat' dir='ltr'><strong>igitur</strong></span> <span class='ocrx_word' id='word_1_350' title='bbox 1787 1903 1828 1935; x_wconf 86' lang='lat' dir='ltr'><strong>et</strong></span> <span class='ocrx_word' id='word_1_351' title='bbox 1847 1896 1980 1936; x_wconf 91' lang='lat' dir='ltr'><strong>schol.</strong></span> <span class='ocrx_word' id='word_1_352' title='bbox 2010 1894 2063 1946; x_wconf 90' lang='lat' dir='ltr'><strong>Q.</strong></span> <span class='ocrx_word' id='word_1_353' title='bbox 2086 1895 2138 1935; x_wconf 88' lang='lat' dir='ltr'><strong>ad</strong></span> <span class='ocrx_word' id='word_1_354' title='bbox 2163 1897 2243 1936; x_wconf 91' lang='grc'><strong>239</strong></span> <span class='ocrx_word' id='word_1_355' title='bbox 2264 1904 2307 1937; x_wconf 88' lang='lat' dir='ltr'><strong>et</strong></span> <span class='ocrx_word' id='word_1_356' title='bbox 2327 1896 2521 1938; x_wconf 86' lang='lat' dir='ltr'><strong>Eustath.</strong></span> <span class='ocrx_word' id='word_1_357' title='bbox 2542 1897 2594 1938; x_wconf 88' lang='lat' dir='ltr'><strong>ad</strong></span> <span class='ocrx_word' id='word_1_358' title='bbox 2616 1901 2697 1940; x_wconf 91' lang='grc'><strong>240</strong></span> 
     </span>
     <span class='ocr_line' id='line_1_26' title="bbox 298 1960 2694 2025; baseline 0 -14"><span class='ocrx_word' id='word_1_359' title='bbox 298 1967 531 2024; x_wconf 83' lang='grc' dir='ltr'><strong><em>μέλαθρον</em></strong></span> <span class='ocrx_word' id='word_1_360' title='bbox 570 1968 904 2022; x_wconf 87' lang='lat' dir='ltr'><strong>interpretantur</strong></span> <span class='ocrx_word' id='word_1_361' title='bbox 946 1960 1020 2022; x_wconf 68' lang='grc' dir='ltr'><strong>την</strong></span> <span class='ocrx_word' id='word_1_362' title='bbox 1060 1960 1254 2023; x_wconf 79' lang='grc' dir='ltr'><strong><em>ὀροφήν,</em></strong></span> <span class='ocrx_word' id='word_1_363' title='bbox 1299 1964 1494 2008; x_wconf 82' lang='lat' dir='ltr'><strong>Eustath.</strong></span> <span class='ocrx_word' id='word_1_364' title='bbox 1533 1964 1703 2021; x_wconf 87' lang='lat' dir='ltr'><strong>quidem</strong></span> <span class='ocrx_word' id='word_1_365' title='bbox 1743 1964 1941 2021; x_wconf 83' lang='lat' dir='ltr'><strong>adjiciens</strong></span> <span class='ocrx_word' id='word_1_366' title='bbox 1972 1960 2044 2008; x_wconf 82' lang='grc' dir='ltr'><strong>διό</strong></span> <span class='ocrx_word' id='word_1_367' title='bbox 2070 1965 2164 2022; x_wconf 76' lang='grc' dir='ltr'><strong><em>ε’ρεῒ</em></strong></span> <span class='ocrx_word' id='word_1_368' title='bbox 2190 1966 2234 2009; x_wconf 81' lang='grc' dir='ltr'><strong>ἐν</strong></span> <span class='ocrx_word' id='word_1_369' title='bbox 2258 1971 2350 2016; x_wconf 79' lang='grc' dir='ltr'><strong><em>τοῖς</em></strong></span> <span class='ocrx_word' id='word_1_370' title='bbox 2378 1966 2478 2024; x_wconf 78' lang='grc' dir='ltr'><strong><em>ἑξῆς</em></strong></span> <span class='ocrx_word' id='word_1_371' title='bbox 2507 1973 2565 2020; x_wconf 87' lang='lat' dir='ltr'><strong>(V.</strong></span> <span class='ocrx_word' id='word_1_372' title='bbox 2596 1971 2694 2025; x_wconf 93' lang='grc'><strong>298)</strong></span> 
     </span>
     <span class='ocr_line' id='line_1_27' title="bbox 302 2031 2694 2097; baseline 0 -14"><span class='ocrx_word' id='word_1_373' title='bbox 302 2038 358 2097; x_wconf 78' lang='grc' dir='ltr'><strong>δη</strong></span> <span class='ocrx_word' id='word_1_374' title='bbox 384 2034 480 2083; x_wconf 87' lang='grc' dir='ltr'><strong><em>τότε</em></strong></span> <span class='ocrx_word' id='word_1_375' title='bbox 509 2038 686 2092; x_wconf 77' lang='grc' dir='ltr'><strong><em>ἀνέσχεν</em></strong></span> <span class='ocrx_word' id='word_1_376' title='bbox 714 2038 880 2095; x_wconf 80' lang='grc' dir='ltr'><strong><em>Ἀθηνᾶ</em></strong></span> <span class='ocrx_word' id='word_1_377' title='bbox 912 2035 1065 2092; x_wconf 82' lang='grc' dir='ltr'><strong><em>αἰγίδα</em></strong></span> <span class='ocrx_word' id='word_1_378' title='bbox 1100 2032 1282 2094; x_wconf 79' lang='grc' dir='ltr'><strong><em>ὑψόθεν</em></strong></span> <span class='ocrx_word' id='word_1_379' title='bbox 1322 2033 1382 2090; x_wconf 81' lang='grc' dir='ltr'><strong>ἐξ</strong></span> <span class='ocrx_word' id='word_1_380' title='bbox 1423 2036 1647 2092; x_wconf 69' lang='grc' dir='ltr'><strong><em>ὀροφῆς,</em></strong></span> <span class='ocrx_word' id='word_1_381' title='bbox 1696 2031 1756 2086; x_wconf 78' lang='grc' dir='ltr'><strong>ὠς</strong></span> <span class='ocrx_word' id='word_1_382' title='bbox 1795 2032 1947 2081; x_wconf 80' lang='grc' dir='ltr'><strong><em>ταύτὸν</em></strong></span> <span class='ocrx_word' id='word_1_383' title='bbox 1987 2031 2098 2081; x_wconf 83' lang='grc' dir='ltr'><strong><em>εἶναι</em></strong></span> <span class='ocrx_word' id='word_1_384' title='bbox 2142 2033 2307 2095; x_wconf 68' lang='grc' dir='ltr'><strong><em>ὀροφήν</em></strong></span> <span class='ocrx_word' id='word_1_385' title='bbox 2346 2039 2420 2082; x_wconf 83' lang='grc' dir='ltr'><strong>καὶ</strong></span> <span class='ocrx_word' id='word_1_386' title='bbox 2455 2038 2694 2097; x_wconf 79' lang='grc' dir='ltr'><strong><em>μέλαθρον,</em></strong></span> 
     </span>
     <span class='ocr_line' id='line_1_28' title="bbox 302 2106 2694 2167; baseline 0 -12"><span class='ocrx_word' id='word_1_387' title='bbox 302 2114 416 2155; x_wconf 88' lang='lat' dir='ltr'><strong>unde</strong></span> <span class='ocrx_word' id='word_1_388' title='bbox 456 2111 578 2153; x_wconf 90' lang='lat' dir='ltr'><strong>simul</strong></span> <span class='ocrx_word' id='word_1_389' title='bbox 618 2118 813 2167; x_wconf 88' lang='lat' dir='ltr'><strong>apparet,</strong></span> <span class='ocrx_word' id='word_1_390' title='bbox 855 2125 983 2166; x_wconf 90' lang='lat' dir='ltr'><strong>quam</strong></span> <span class='ocrx_word' id='word_1_391' title='bbox 1022 2109 1139 2166; x_wconf 88' lang='lat' dir='ltr'><strong>parvi</strong></span> <span class='ocrx_word' id='word_1_392' title='bbox 1178 2124 1217 2150; x_wconf 90' lang='lat' dir='ltr'><strong>V.</strong></span> <span class='ocrx_word' id='word_1_393' title='bbox 1249 2111 1327 2150; x_wconf 89' lang='grc'><strong>298</strong></span> <span class='ocrx_word' id='word_1_394' title='bbox 1371 2108 1501 2151; x_wconf 86' lang='lat' dir='ltr'><strong>altera</strong></span> <span class='ocrx_word' id='word_1_395' title='bbox 1531 2108 1656 2149; x_wconf 89' lang='lat' dir='ltr'><strong>lectio</strong></span> <span class='ocrx_word' id='word_1_396' title='bbox 1687 2106 1733 2150; x_wconf 80' lang='grc' dir='ltr'><strong>ἐκ</strong></span> <span class='ocrx_word' id='word_1_397' title='bbox 1762 2110 1954 2166; x_wconf 79' lang='grc' dir='ltr'><strong><em>κορυφῆς</em></strong></span> <span class='ocrx_word' id='word_1_398' title='bbox 1983 2117 2026 2152; x_wconf 94' lang='lat' dir='ltr'><strong>et</strong></span> <span class='ocrx_word' id='word_1_399' title='bbox 2055 2109 2108 2152; x_wconf 88' lang='lat' dir='ltr'><strong>ab</strong></span> <span class='ocrx_word' id='word_1_400' title='bbox 2139 2110 2360 2153; x_wconf 86' lang='lat' dir='ltr'><strong>Eustathio</strong></span> <span class='ocrx_word' id='word_1_401' title='bbox 2389 2112 2441 2154; x_wconf 87' lang='lat' dir='ltr'><strong>ad</strong></span> <span class='ocrx_word' id='word_1_402' title='bbox 2471 2112 2496 2155; x_wconf 91' lang='lat' dir='ltr'><strong>l.</strong></span> <span class='ocrx_word' id='word_1_403' title='bbox 2526 2113 2553 2155; x_wconf 89' lang='lat' dir='ltr'><strong>l.</strong></span> <span class='ocrx_word' id='word_1_404' title='bbox 2583 2122 2625 2156; x_wconf 87' lang='lat' dir='ltr'><strong>et</strong></span> <span class='ocrx_word' id='word_1_405' title='bbox 2653 2115 2694 2156; x_wconf 91' lang='lat' dir='ltr'><strong>in</strong></span> 
     </span>
     <span class='ocr_line' id='line_1_29' title="bbox 301 2180 2694 2239; baseline 0 -12"><span class='ocrx_word' id='word_1_406' title='bbox 301 2185 396 2227; x_wconf 91' lang='lat' dir='ltr'><strong>cod.</strong></span> <span class='ocrx_word' id='word_1_407' title='bbox 429 2184 597 2226; x_wconf 89' lang='lat' dir='ltr'><strong>Monac.</strong></span> <span class='ocrx_word' id='word_1_408' title='bbox 629 2182 728 2239; x_wconf 91' lang='lat' dir='ltr'><strong>(hic</strong></span> <span class='ocrx_word' id='word_1_409' title='bbox 758 2192 898 2224; x_wconf 89' lang='lat' dir='ltr'><strong>tamen</strong></span> <span class='ocrx_word' id='word_1_410' title='bbox 927 2181 1226 2237; x_wconf 86' lang='lat' dir='ltr'><strong>superscriptis</strong></span> <span class='ocrx_word' id='word_1_411' title='bbox 1255 2180 1393 2223; x_wconf 90' lang='lat' dir='ltr'><strong>verbis</strong></span> <span class='ocrx_word' id='word_1_412' title='bbox 1421 2195 1487 2235; x_wconf 79' lang='grc' dir='ltr'><strong>γρ.</strong></span> <span class='ocrx_word' id='word_1_413' title='bbox 1517 2180 1717 2237; x_wconf 80' lang='grc' dir='ltr'><strong><em>ὀροφῆς)</em></strong></span> <span class='ocrx_word' id='word_1_414' title='bbox 1748 2182 1900 2224; x_wconf 86' lang='lat' dir='ltr'><strong>tradita</strong></span> <span class='ocrx_word' id='word_1_415' title='bbox 1930 2182 2082 2224; x_wconf 88' lang='lat' dir='ltr'><strong>debeat</strong></span> <span class='ocrx_word' id='word_1_416' title='bbox 2112 2181 2269 2224; x_wconf 85' lang='lat' dir='ltr'><strong>haberi.</strong></span> <span class='ocrx_word' id='word_1_417' title='bbox 2298 2208 2354 2214; x_wconf 94' lang='lat'>—</span> <span class='ocrx_word' id='word_1_418' title='bbox 2387 2209 2429 2216; x_wconf 92' lang='lat'><strong>——</strong></span> <span class='ocrx_word' id='word_1_419' title='bbox 2461 2184 2694 2237; x_wconf 84' lang='lat' dir='ltr'><strong>Procos,</strong></span> 
     </span>
     <span class='ocr_line' id='line_1_30' title="bbox 300 2252 2694 2312; baseline 0.001 -14"><span class='ocrx_word' id='word_1_420' title='bbox 300 2255 420 2299; x_wconf 84' lang='lat' dir='ltr'><strong>Ulixi</strong></span> <span class='ocrx_word' id='word_1_421' title='bbox 448 2254 745 2310; x_wconf 86' lang='lat' dir='ltr'><strong>sociorumque</strong></span> <span class='ocrx_word' id='word_1_422' title='bbox 773 2254 864 2308; x_wconf 87' lang='lat' dir='ltr'><strong>ejus</strong></span> <span class='ocrx_word' id='word_1_423' title='bbox 894 2252 1179 2303; x_wconf 89' lang='lat' dir='ltr'><strong>adversarios,</strong></span> <span class='ocrx_word' id='word_1_424' title='bbox 1224 2252 1326 2293; x_wconf 89' lang='lat' dir='ltr'><strong>dum</strong></span> <span class='ocrx_word' id='word_1_425' title='bbox 1355 2253 1602 2309; x_wconf 87' lang='lat' dir='ltr'><strong>epulantur,</strong></span> <span class='ocrx_word' id='word_1_426' title='bbox 1635 2253 1867 2296; x_wconf 89' lang='lat' dir='ltr'><strong>secundum</strong></span> <span class='ocrx_word' id='word_1_427' title='bbox 1898 2261 1984 2296; x_wconf 89' lang='lat' dir='ltr'><strong>tres</strong></span> <span class='ocrx_word' id='word_1_428' title='bbox 2011 2252 2178 2295; x_wconf 82' lang='lat' dir='ltr'><strong>intimos</strong></span> <span class='ocrx_word' id='word_1_429' title='bbox 2209 2254 2298 2296; x_wconf 89' lang='lat' dir='ltr'><strong>oeci</strong></span> <span class='ocrx_word' id='word_1_430' title='bbox 2327 2256 2508 2312; x_wconf 88' lang='lat' dir='ltr'><strong>parietes</strong></span> <span class='ocrx_word' id='word_1_431' title='bbox 2537 2258 2694 2302; x_wconf 85' lang='lat' dir='ltr'><strong>sedisse</strong></span> 
     </span>
     <span class='ocr_line' id='line_1_31' title="bbox 298 2324 2694 2385; baseline 0.001 -15"><span class='ocrx_word' id='word_1_432' title='bbox 298 2336 425 2385; x_wconf 88' lang='lat' dir='ltr'><strong>putes</strong></span> <span class='ocrx_word' id='word_1_433' title='bbox 440 2325 555 2377; x_wconf 87' lang='lat' dir='ltr'><strong>licet,</strong></span> <span class='ocrx_word' id='word_1_434' title='bbox 585 2342 624 2368; x_wconf 91' lang='lat' dir='ltr'><strong>V.</strong></span> <span class='ocrx_word' id='word_1_435' title='bbox 646 2340 776 2383; x_wconf 89' lang='lat' dir='ltr'><strong>supra</strong></span> <span class='ocrx_word' id='word_1_436' title='bbox 797 2325 852 2379; x_wconf 91' lang='lat'><strong>11,</strong></span> <span class='ocrx_word' id='word_1_437' title='bbox 877 2325 925 2367; x_wconf 90' lang='grc'><strong>17</strong></span> <span class='ocrx_word' id='word_1_438' title='bbox 946 2332 1046 2366; x_wconf 88' lang='lat' dir='ltr'><strong>ante</strong></span> <span class='ocrx_word' id='word_1_439' title='bbox 1066 2324 1197 2375; x_wconf 90' lang='lat' dir='ltr'><strong>med.;</strong></span> <span class='ocrx_word' id='word_1_440' title='bbox 1228 2325 1455 2367; x_wconf 88' lang='lat' dir='ltr'><strong>certamine</strong></span> <span class='ocrx_word' id='word_1_441' title='bbox 1476 2326 1579 2366; x_wconf 90' lang='lat' dir='ltr'><strong>inito</strong></span> <span class='ocrx_word' id='word_1_442' title='bbox 1601 2325 1914 2379; x_wconf 69' lang='lat' dir='ltr'><strong>ignavissimum</strong></span> <span class='ocrx_word' id='word_1_443' title='bbox 1936 2340 2150 2383; x_wconf 91' lang='lat' dir='ltr'><strong>quemque</strong></span> <span class='ocrx_word' id='word_1_444' title='bbox 2180 2326 2363 2370; x_wconf 90' lang='lat' dir='ltr'><strong>intimam</strong></span> <span class='ocrx_word' id='word_1_445' title='bbox 2395 2329 2485 2371; x_wconf 91' lang='lat' dir='ltr'><strong>oeci</strong></span> <span class='ocrx_word' id='word_1_446' title='bbox 2515 2337 2694 2385; x_wconf 89' lang='lat' dir='ltr'><strong>partem,</strong></span> 
     </span>
    </p>
   </div>
   <div class='ocr_carea' id='block_1_3' title="bbox 296 2390 2763 2458">
    <p class='ocr_par' dir='ltr' id='par_1_3' title="bbox 296 2390 2763 2458">
     <span class='ocr_line' id='line_1_32' title="bbox 296 2390 2763 2458; baseline 0.001 -15"><span class='ocrx_word' id='word_1_447' title='bbox 296 2395 369 2443; x_wconf 82' lang='grc' dir='ltr'><strong>τόν</strong></span> <span class='ocrx_word' id='word_1_448' title='bbox 394 2390 548 2452; x_wconf 79' lang='grc' dir='ltr'><strong><em>μυχόν,</em></strong></span> <span class='ocrx_word' id='word_1_449' title='bbox 587 2398 770 2440; x_wconf 87' lang='lat' dir='ltr'><strong>maxime</strong></span> <span class='ocrx_word' id='word_1_450' title='bbox 798 2398 902 2452; x_wconf 85' lang='lat' dir='ltr'><strong>fuga</strong></span> <span class='ocrx_word' id='word_1_451' title='bbox 931 2395 1130 2454; x_wconf 86' lang='lat' dir='ltr'><strong>petivisse</strong></span> <span class='ocrx_word' id='word_1_452' title='bbox 1159 2396 1379 2439; x_wconf 89' lang='lat' dir='ltr'><strong>Verisimile</strong></span> <span class='ocrx_word' id='word_1_453' title='bbox 1409 2406 1498 2447; x_wconf 92' lang='lat' dir='ltr'><strong>est,</strong></span> <span class='ocrx_word' id='word_1_454' title='bbox 1540 2397 1594 2438; x_wconf 91' lang='lat' dir='ltr'><strong>cf.</strong></span> <span class='ocrx_word' id='word_1_455' title='bbox 1626 2411 1665 2439; x_wconf 91' lang='lat' dir='ltr'><strong>V.</strong></span> <span class='ocrx_word' id='word_1_456' title='bbox 1693 2400 1773 2439; x_wconf 88' lang='grc'><strong>270</strong></span> <span class='ocrx_word' id='word_1_457' title='bbox 1803 2414 1812 2439; x_wconf 89' lang='lat'>:</span> <span class='ocrx_word' id='word_1_458' title='bbox 1841 2398 2101 2455; x_wconf 74' lang='grc' dir='ltr'><strong><em>Μνηστῆρες</em></strong></span> <span class='ocrx_word' id='word_1_459' title='bbox 2131 2394 2460 2457; x_wconf 76' lang='grc' dir='ltr'><strong><em>δ’ἀνεχιόρησαν</em></strong></span> <span class='ocrx_word' id='word_1_460' title='bbox 2484 2398 2695 2458; x_wconf 82' lang='grc' dir='ltr'><strong><em>μεγάροιο</em></strong></span> <span class='ocrx_word' id='word_1_461' title='bbox 2760 2422 2763 2424; x_wconf 95' lang='grc'><strong><em>·</em></strong></span> 
     </span>
    </p>
   </div>
   <div class='ocr_carea' id='block_1_4' title="bbox 294 2460 2695 3384">
    <p class='ocr_par' dir='ltr' id='par_1_4' title="bbox 294 2460 2695 2600">
     <span class='ocr_line' id='line_1_33' title="bbox 294 2460 2695 2527; baseline 0 -13"><span class='ocrx_word' id='word_1_462' title='bbox 294 2464 489 2526; x_wconf 84' lang='grc' dir='ltr'><strong><em>μυχόνδε</em></strong></span> <span class='ocrx_word' id='word_1_463' title='bbox 518 2473 542 2513; x_wconf 89' lang='lat' dir='ltr'><strong>i.</strong></span> <span class='ocrx_word' id='word_1_464' title='bbox 574 2485 611 2513; x_wconf 92' lang='lat' dir='ltr'><strong>e.</strong></span> <span class='ocrx_word' id='word_1_465' title='bbox 640 2467 707 2520; x_wconf 87' lang='grc' dir='ltr'><strong>εἷς</strong></span> <span class='ocrx_word' id='word_1_466' title='bbox 733 2467 806 2513; x_wconf 79' lang='grc' dir='ltr'><strong>τόν</strong></span> <span class='ocrx_word' id='word_1_467' title='bbox 833 2465 1055 2525; x_wconf 84' lang='grc' dir='ltr'><strong><em>ἐνδότερον</em></strong></span> <span class='ocrx_word' id='word_1_468' title='bbox 1080 2460 1218 2511; x_wconf 86' lang='grc' dir='ltr'><strong><em>τόπον</em></strong></span> <span class='ocrx_word' id='word_1_469' title='bbox 1242 2469 1324 2510; x_wconf 85' lang='grc' dir='ltr'><strong><em>τοῦ</em></strong></span> <span class='ocrx_word' id='word_1_470' title='bbox 1351 2469 1583 2527; x_wconf 75' lang='grc' dir='ltr'><strong><em>ἀνδρῶνος,</em></strong></span> <span class='ocrx_word' id='word_1_471' title='bbox 1613 2465 1714 2517; x_wconf 62' lang='lat' dir='ltr'><strong>aigei</strong></span> <span class='ocrx_word' id='word_1_472' title='bbox 1743 2467 1875 2525; x_wconf 78' lang='grc' dir='ltr'><strong><em>ἔλεγε,</em></strong></span> <span class='ocrx_word' id='word_1_473' title='bbox 1904 2468 2023 2526; x_wconf 80' lang='grc' dir='ltr'><strong><em>πρός</em></strong></span> <span class='ocrx_word' id='word_1_474' title='bbox 2052 2469 2181 2513; x_wconf 77' lang='grc' dir='ltr'><strong><em>αὐτὸν</em></strong></span> <span class='ocrx_word' id='word_1_475' title='bbox 2205 2466 2282 2512; x_wconf 82' lang='grc' dir='ltr'><strong>τόν</strong></span> <span class='ocrx_word' id='word_1_476' title='bbox 2308 2474 2447 2523; x_wconf 83' lang='grc' dir='ltr'><strong><em>τοῖχον</em></strong></span> <span class='ocrx_word' id='word_1_477' title='bbox 2473 2468 2544 2515; x_wconf 84' lang='grc' dir='ltr'><strong>τόν</strong></span> <span class='ocrx_word' id='word_1_478' title='bbox 2570 2473 2695 2515; x_wconf 73' lang='grc' dir='ltr'><strong><em>ἅντι-</em></strong></span> 
     </span>
     <span class='ocr_line' id='line_1_34' title="bbox 301 2534 779 2600; baseline -0.004 -15"><span class='ocrx_word' id='word_1_479' title='bbox 301 2541 382 2600; x_wconf 81' lang='grc' dir='ltr'><strong>κρύ</strong></span> <span class='ocrx_word' id='word_1_480' title='bbox 413 2543 489 2599; x_wconf 75' lang='grc' dir='ltr'><strong><em>τῆς</em></strong></span> <span class='ocrx_word' id='word_1_481' title='bbox 517 2534 696 2592; x_wconf 85' lang='grc' dir='ltr'><strong><em>είςόδου.</em></strong></span> <span class='ocrx_word' id='word_1_482' title='bbox 725 2541 779 2594; x_wconf 87' lang='lat' dir='ltr'><strong>Q.</strong></span> 
     </span>
    </p>

    <p class='ocr_par' dir='ltr' id='par_1_5' title="bbox 299 2610 2693 3384">
     <span class='ocr_line' id='line_1_35' title="bbox 437 2610 2693 2671; baseline 0.001 -16"><span class='ocrx_word' id='word_1_483' title='bbox 437 2614 535 2656; x_wconf 84' lang='lat' dir='ltr'><strong>Jam</strong></span> <span class='ocrx_word' id='word_1_484' title='bbox 574 2627 851 2669; x_wconf 85' lang='lat' dir='ltr'><strong>quaeramus,</strong></span> <span class='ocrx_word' id='word_1_485' title='bbox 897 2627 980 2654; x_wconf 90' lang='lat' dir='ltr'><strong>non</strong></span> <span class='ocrx_word' id='word_1_486' title='bbox 1022 2627 1106 2666; x_wconf 91' lang='lat' dir='ltr'><strong>quo</strong></span> <span class='ocrx_word' id='word_1_487' title='bbox 1147 2611 1271 2653; x_wconf 89' lang='lat' dir='ltr'><strong>modo</strong></span> <span class='ocrx_word' id='word_1_488' title='bbox 1312 2610 1460 2653; x_wconf 86' lang='lat' dir='ltr'><strong>Ulixes</strong></span> <span class='ocrx_word' id='word_1_489' title='bbox 1499 2626 1652 2667; x_wconf 86' lang='lat' dir='ltr'><strong>procos</strong></span> <span class='ocrx_word' id='word_1_490' title='bbox 1695 2611 1859 2663; x_wconf 86' lang='lat' dir='ltr'><strong>vicerit,</strong></span> <span class='ocrx_word' id='word_1_491' title='bbox 1889 2629 2156 2670; x_wconf 84' lang='lat' dir='ltr'><strong>—·pngnam</strong></span> <span class='ocrx_word' id='word_1_492' title='bbox 2187 2614 2320 2670; x_wconf 90' lang='lat' dir='ltr'><strong>ipsam</strong></span> <span class='ocrx_word' id='word_1_493' title='bbox 2353 2614 2462 2657; x_wconf 89' lang='lat' dir='ltr'><strong>enim</strong></span> <span class='ocrx_word' id='word_1_494' title='bbox 2493 2623 2620 2671; x_wconf 88' lang='lat' dir='ltr'><strong>poeta</strong></span> <span class='ocrx_word' id='word_1_495' title='bbox 2650 2623 2693 2657; x_wconf 90' lang='lat' dir='ltr'><strong>et</strong></span> 
     </span>
     <span class='ocr_line' id='line_1_36' title="bbox 301 2682 2692 2743; baseline 0 -16"><span class='ocrx_word' id='word_1_496' title='bbox 301 2687 472 2743; x_wconf 89' lang='lat' dir='ltr'><strong>copiose</strong></span> <span class='ocrx_word' id='word_1_497' title='bbox 502 2694 544 2727; x_wconf 84' lang='lat' dir='ltr'><strong>et</strong></span> <span class='ocrx_word' id='word_1_498' title='bbox 574 2684 753 2727; x_wconf 91' lang='lat' dir='ltr'><strong>dilucide</strong></span> <span class='ocrx_word' id='word_1_499' title='bbox 782 2682 964 2740; x_wconf 86' lang='lat' dir='ltr'><strong>explicat</strong></span> <span class='ocrx_word' id='word_1_500' title='bbox 994 2707 1073 2732; x_wconf 86' lang='lat'><strong>—,</strong></span> <span class='ocrx_word' id='word_1_501' title='bbox 1113 2682 1186 2724; x_wconf 91' lang='lat' dir='ltr'><strong>sed</strong></span> <span class='ocrx_word' id='word_1_502' title='bbox 1216 2697 1299 2738; x_wconf 89' lang='lat' dir='ltr'><strong>qua</strong></span> <span class='ocrx_word' id='word_1_503' title='bbox 1328 2683 1490 2725; x_wconf 86' lang='lat' dir='ltr'><strong>ratione</strong></span> <span class='ocrx_word' id='word_1_504' title='bbox 1522 2683 1735 2724; x_wconf 89' lang='lat' dir='ltr'><strong>victoriam</strong></span> <span class='ocrx_word' id='word_1_505' title='bbox 1765 2685 2080 2740; x_wconf 81' lang='lat' dir='ltr'><strong>praeparaverit</strong></span> <span class='ocrx_word' id='word_1_506' title='bbox 2110 2694 2150 2727; x_wconf 90' lang='lat' dir='ltr'><strong>et</strong></span> <span class='ocrx_word' id='word_1_507' title='bbox 2180 2686 2443 2727; x_wconf 89' lang='lat' dir='ltr'><strong>constituerit</strong></span> <span class='ocrx_word' id='word_1_508' title='bbox 2482 2688 2533 2738; x_wconf 87' lang='grc'><strong>1)</strong></span> <span class='ocrx_word' id='word_1_509' title='bbox 2564 2701 2692 2738; x_wconf 90' lang='lat' dir='ltr'><strong>arma,</strong></span> 
     </span>
     <span class='ocr_line' id='line_1_37' title="bbox 299 2752 2692 2814; baseline 0 -15"><span class='ocrx_word' id='word_1_510' title='bbox 299 2757 455 2814; x_wconf 89' lang='lat' dir='ltr'><strong>quibus</strong></span> <span class='ocrx_word' id='word_1_511' title='bbox 484 2756 603 2814; x_wconf 88' lang='lat' dir='ltr'><strong>proci</strong></span> <span class='ocrx_word' id='word_1_512' title='bbox 633 2755 693 2797; x_wconf 90' lang='lat' dir='ltr'><strong>uti</strong></span> <span class='ocrx_word' id='word_1_513' title='bbox 722 2761 909 2811; x_wconf 86' lang='lat' dir='ltr'><strong>possent,</strong></span> <span class='ocrx_word' id='word_1_514' title='bbox 938 2768 990 2797; x_wconf 89' lang='lat' dir='ltr'><strong>ex</strong></span> <span class='ocrx_word' id='word_1_515' title='bbox 1020 2768 1126 2796; x_wconf 91' lang='lat' dir='ltr'><strong>oeco</strong></span> <span class='ocrx_word' id='word_1_516' title='bbox 1155 2752 1196 2794; x_wconf 87' lang='lat' dir='ltr'><strong>in</strong></span> <span class='ocrx_word' id='word_1_517' title='bbox 1227 2753 1458 2796; x_wconf 88' lang='lat' dir='ltr'><strong>thalamum</strong></span> <span class='ocrx_word' id='word_1_518' title='bbox 1487 2754 1743 2796; x_wconf 85' lang='lat' dir='ltr'><strong>transferens</strong></span> <span class='ocrx_word' id='word_1_519' title='bbox 1775 2761 1818 2809; x_wconf 84' lang='grc'><strong>2)</strong></span> <span class='ocrx_word' id='word_1_520' title='bbox 1846 2756 1996 2810; x_wconf 86' lang='lat' dir='ltr'><strong>januas</strong></span> <span class='ocrx_word' id='word_1_521' title='bbox 2027 2757 2177 2798; x_wconf 89' lang='lat' dir='ltr'><strong>domus</strong></span> <span class='ocrx_word' id='word_1_522' title='bbox 2207 2758 2428 2799; x_wconf 90' lang='lat' dir='ltr'><strong>mulierum</strong></span> <span class='ocrx_word' id='word_1_523' title='bbox 2460 2766 2501 2799; x_wconf 86' lang='lat' dir='ltr'><strong>et</strong></span> <span class='ocrx_word' id='word_1_524' title='bbox 2530 2767 2692 2813; x_wconf 89' lang='lat' dir='ltr'><strong>portam</strong></span> 
     </span>
     <span class='ocr_line' id='line_1_38' title="bbox 301 2823 2691 2884; baseline 0 -14"><span class='ocrx_word' id='word_1_525' title='bbox 301 2830 425 2870; x_wconf 85' lang='lat' dir='ltr'><strong>aulae</strong></span> <span class='ocrx_word' id='word_1_526' title='bbox 464 2828 695 2869; x_wconf 91' lang='lat' dir='ltr'><strong>occludens</strong></span> <span class='ocrx_word' id='word_1_527' title='bbox 735 2830 779 2877; x_wconf 91' lang='grc'><strong>3)</strong></span> <span class='ocrx_word' id='word_1_528' title='bbox 812 2840 951 2876; x_wconf 90' lang='lat' dir='ltr'><strong>arma,</strong></span> <span class='ocrx_word' id='word_1_529' title='bbox 989 2840 1097 2882; x_wconf 90' lang='lat' dir='ltr'><strong>quae</strong></span> <span class='ocrx_word' id='word_1_530' title='bbox 1126 2823 1372 2877; x_wconf 87' lang='lat' dir='ltr'><strong>induerent,</strong></span> <span class='ocrx_word' id='word_1_531' title='bbox 1415 2833 1456 2869; x_wconf 90' lang='lat' dir='ltr'><strong>et</strong></span> <span class='ocrx_word' id='word_1_532' title='bbox 1494 2824 1573 2867; x_wconf 89' lang='lat' dir='ltr'><strong>sibi</strong></span> <span class='ocrx_word' id='word_1_533' title='bbox 1605 2832 1647 2867; x_wconf 89' lang='lat' dir='ltr'><strong>et</strong></span> <span class='ocrx_word' id='word_1_534' title='bbox 1678 2825 1797 2868; x_wconf 86' lang='lat' dir='ltr'><strong>sociis</strong></span> <span class='ocrx_word' id='word_1_535' title='bbox 1827 2842 1877 2869; x_wconf 86' lang='lat' dir='ltr'><strong>ex</strong></span> <span class='ocrx_word' id='word_1_536' title='bbox 1909 2827 2091 2869; x_wconf 80' lang='lat' dir='ltr'><strong>thalamo</strong></span> <span class='ocrx_word' id='word_1_537' title='bbox 2121 2828 2255 2870; x_wconf 78' lang='lat' dir='ltr'><strong>afferri</strong></span> <span class='ocrx_word' id='word_1_538' title='bbox 2281 2828 2437 2883; x_wconf 86' lang='lat' dir='ltr'><strong>jubens</strong></span> <span class='ocrx_word' id='word_1_539' title='bbox 2467 2830 2514 2884; x_wconf 89' lang='grc'><strong>4)</strong></span> <span class='ocrx_word' id='word_1_540' title='bbox 2545 2829 2691 2871; x_wconf 87' lang='lat' dir='ltr'><strong>noxios</strong></span> 
     </span>
     <span class='ocr_line' id='line_1_39' title="bbox 301 2896 2691 2958; baseline 0 -16"><span class='ocrx_word' id='word_1_541' title='bbox 301 2916 439 2958; x_wconf 90' lang='lat' dir='ltr'><strong>poena</strong></span> <span class='ocrx_word' id='word_1_542' title='bbox 469 2899 681 2949; x_wconf 84' lang='lat' dir='ltr'><strong>afficiens,</strong></span> <span class='ocrx_word' id='word_1_543' title='bbox 720 2897 899 2940; x_wconf 85' lang='lat' dir='ltr'><strong>innoxiis</strong></span> <span class='ocrx_word' id='word_1_544' title='bbox 928 2911 1119 2954; x_wconf 87' lang='lat' dir='ltr'><strong>parcens.</strong></span> <span class='ocrx_word' id='word_1_545' title='bbox 1183 2897 1231 2952; x_wconf 94' lang='lat' dir='ltr'><strong>l)</strong></span> <span class='ocrx_word' id='word_1_546' title='bbox 1275 2900 1452 2941; x_wconf 69' lang='lat' dir='ltr'><strong>Arma</strong></span> <span class='ocrx_word' id='word_1_547' title='bbox 1481 2897 1631 2941; x_wconf 88' lang='lat' dir='ltr'><strong>Ulixes</strong></span> <span class='ocrx_word' id='word_1_548' title='bbox 1658 2896 1741 2950; x_wconf 85' lang='lat' dir='ltr'><strong>jam</strong></span> <span class='ocrx_word' id='word_1_549' title='bbox 1774 2898 1864 2940; x_wconf 91' lang='lat' dir='ltr'><strong>libri</strong></span> <span class='ocrx_word' id='word_1_550' title='bbox 1893 2899 2196 2941; x_wconf 87' lang='lat' dir='ltr'><strong>undevicesimi</strong></span> <span class='ocrx_word' id='word_1_551' title='bbox 2227 2915 2356 2942; x_wconf 87' lang='lat' dir='ltr'><strong>verss.</strong></span> <span class='ocrx_word' id='word_1_552' title='bbox 2394 2905 2545 2949; x_wconf 87' lang='lat'><strong>1-44,</strong></span> <span class='ocrx_word' id='word_1_553' title='bbox 2590 2900 2691 2942; x_wconf 90' lang='lat' dir='ltr'><strong>dum</strong></span> 
     </span>
     <span class='ocr_line' id='line_1_40' title="bbox 301 2968 2691 3024; baseline 0 -11"><span class='ocrx_word' id='word_1_554' title='bbox 301 2972 499 3014; x_wconf 90' lang='lat' dir='ltr'><strong>mulieres</strong></span> <span class='ocrx_word' id='word_1_555' title='bbox 541 2972 584 3012; x_wconf 88' lang='lat' dir='ltr'><strong>in</strong></span> <span class='ocrx_word' id='word_1_556' title='bbox 628 2986 704 3011; x_wconf 88' lang='lat' dir='ltr'><strong>sua</strong></span> <span class='ocrx_word' id='word_1_557' title='bbox 747 2969 872 3011; x_wconf 91' lang='lat' dir='ltr'><strong>domo</strong></span> <span class='ocrx_word' id='word_1_558' title='bbox 900 2968 1183 3010; x_wconf 85' lang='lat' dir='ltr'><strong>includuntur</strong></span> <span class='ocrx_word' id='word_1_559' title='bbox 1211 2984 1251 3009; x_wconf 89' lang='lat' dir='ltr'><strong>v.</strong></span> <span class='ocrx_word' id='word_1_560' title='bbox 1287 2971 1334 3011; x_wconf 88' lang='lat'><strong>16</strong></span> <span class='ocrx_word' id='word_1_561' title='bbox 1362 2977 1405 3012; x_wconf 88' lang='lat' dir='ltr'><strong>et</strong></span> <span class='ocrx_word' id='word_1_562' title='bbox 1435 2973 1512 3019; x_wconf 90' lang='lat'><strong>30,</strong></span> <span class='ocrx_word' id='word_1_563' title='bbox 1542 2968 1634 3011; x_wconf 91' lang='lat' dir='ltr'><strong>coll.</strong></span> <span class='ocrx_word' id='word_1_564' title='bbox 1667 2984 1793 3024; x_wconf 88' lang='lat' dir='ltr'><strong>supra</strong></span> <span class='ocrx_word' id='word_1_565' title='bbox 1822 2970 1893 3020; x_wconf 92' lang='lat'><strong>11,</strong></span> <span class='ocrx_word' id='word_1_566' title='bbox 1927 2974 1976 3012; x_wconf 88' lang='grc'><strong>18</strong></span> <span class='ocrx_word' id='word_1_567' title='bbox 2006 2979 2102 3013; x_wconf 80' lang='lat' dir='ltr'><strong>ante</strong></span> <span class='ocrx_word' id='word_1_568' title='bbox 2131 2970 2263 3020; x_wconf 91' lang='lat' dir='ltr'><strong>med.,</strong></span> <span class='ocrx_word' id='word_1_569' title='bbox 2305 2987 2403 3013; x_wconf 91' lang='lat' dir='ltr'><strong>cum</strong></span> <span class='ocrx_word' id='word_1_570' title='bbox 2434 2971 2691 3013; x_wconf 90' lang='lat' dir='ltr'><strong>Telemacho</strong></span> 
     </span>
     <span class='ocr_line' id='line_1_41' title="bbox 301 3037 2690 3097; baseline -0 -13"><span class='ocrx_word' id='word_1_571' title='bbox 301 3042 578 3084; x_wconf 81' lang='lat' dir='ltr'><strong>transfert</strong></span> <span class='ocrx_word' id='word_1_572' title='bbox 606 3040 653 3090; x_wconf 80' lang='grc' dir='ltr'><strong>ἐς</strong></span> <span class='ocrx_word' id='word_1_573' title='bbox 680 3037 890 3097; x_wconf 78' lang='grc' dir='ltr'><strong><em>θάλαμον</em></strong></span> <span class='ocrx_word' id='word_1_574' title='bbox 917 3055 954 3081; x_wconf 92' lang='lat' dir='ltr'><strong>V.</strong></span> <span class='ocrx_word' id='word_1_575' title='bbox 987 3041 1057 3090; x_wconf 92' lang='grc'><strong>17,</strong></span> <span class='ocrx_word' id='word_1_576' title='bbox 1106 3042 1168 3083; x_wconf 74' lang='lat' dir='ltr'><strong>in</strong></span> <span class='ocrx_word' id='word_1_577' title='bbox 1216 3042 1546 3083; x_wconf 77' lang='lat' dir='ltr'><strong>thalamum</strong></span> <span class='ocrx_word' id='word_1_578' title='bbox 1595 3054 1827 3091; x_wconf 86' lang='lat' dir='ltr'><strong>armorum,</strong></span> <span class='ocrx_word' id='word_1_579' title='bbox 1879 3056 2003 3096; x_wconf 91' lang='lat' dir='ltr'><strong>quem</strong></span> <span class='ocrx_word' id='word_1_580' title='bbox 2034 3042 2074 3082; x_wconf 93' lang='lat' dir='ltr'><strong>in</strong></span> <span class='ocrx_word' id='word_1_581' title='bbox 2103 3041 2364 3083; x_wconf 88' lang='lat' dir='ltr'><strong>interioribus</strong></span> <span class='ocrx_word' id='word_1_582' title='bbox 2393 3041 2568 3084; x_wconf 90' lang='lat' dir='ltr'><strong>aedibus</strong></span> <span class='ocrx_word' id='word_1_583' title='bbox 2597 3042 2624 3082; x_wconf 91' lang='lat' dir='ltr'><strong>i.</strong></span> <span class='ocrx_word' id='word_1_584' title='bbox 2654 3055 2690 3083; x_wconf 88' lang='lat' dir='ltr'><strong>e.</strong></span> 
     </span>
     <span class='ocr_line' id='line_1_42' title="bbox 300 3110 2690 3168; baseline 0.001 -14"><span class='ocrx_word' id='word_1_585' title='bbox 300 3115 341 3155; x_wconf 90' lang='lat' dir='ltr'><strong>in</strong></span> <span class='ocrx_word' id='word_1_586' title='bbox 385 3113 612 3154; x_wconf 89' lang='lat' dir='ltr'><strong>mulierum</strong></span> <span class='ocrx_word' id='word_1_587' title='bbox 656 3111 914 3153; x_wconf 87' lang='lat' dir='ltr'><strong>habitatione</strong></span> <span class='ocrx_word' id='word_1_588' title='bbox 955 3110 1081 3153; x_wconf 86' lang='lat' dir='ltr'><strong>fuisse</strong></span> <span class='ocrx_word' id='word_1_589' title='bbox 1117 3110 1208 3167; x_wconf 89' lang='lat' dir='ltr'><strong>jam</strong></span> <span class='ocrx_word' id='word_1_590' title='bbox 1254 3110 1307 3153; x_wconf 91' lang='lat' dir='ltr'><strong>de</strong></span> <span class='ocrx_word' id='word_1_591' title='bbox 1350 3111 1471 3154; x_wconf 90' lang='lat' dir='ltr'><strong>aedd.</strong></span> <span class='ocrx_word' id='word_1_592' title='bbox 1500 3110 1544 3164; x_wconf 90' lang='lat' dir='ltr'><strong>I,</strong></span> <span class='ocrx_word' id='word_1_593' title='bbox 1575 3126 1615 3168; x_wconf 94' lang='lat' dir='ltr'><strong>p.</strong></span> <span class='ocrx_word' id='word_1_594' title='bbox 1646 3113 1722 3162; x_wconf 92' lang='lat'><strong>30,</strong></span> <span class='ocrx_word' id='word_1_595' title='bbox 1753 3121 1891 3155; x_wconf 86' lang='lat' dir='ltr'><strong>annot.</strong></span> <span class='ocrx_word' id='word_1_596' title='bbox 1922 3115 1971 3154; x_wconf 91' lang='lat'><strong>31</strong></span> <span class='ocrx_word' id='word_1_597' title='bbox 2007 3111 2160 3167; x_wconf 83' lang='lat' dir='ltr'><strong>collegi</strong></span> <span class='ocrx_word' id='word_1_598' title='bbox 2189 3128 2242 3155; x_wconf 87' lang='lat' dir='ltr'><strong>ex</strong></span> <span class='ocrx_word' id='word_1_599' title='bbox 2274 3113 2414 3155; x_wconf 90' lang='lat' dir='ltr'><strong>verbis</strong></span> <span class='ocrx_word' id='word_1_600' title='bbox 2443 3110 2552 3154; x_wconf 78' lang='grc' dir='ltr'><strong><em>εἴσω</em></strong></span> <span class='ocrx_word' id='word_1_601' title='bbox 2580 3128 2619 3154; x_wconf 87' lang='lat' dir='ltr'><strong>V.</strong></span> <span class='ocrx_word' id='word_1_602' title='bbox 2649 3119 2690 3164; x_wconf 88' lang='grc'><strong>4,</strong></span> 
     </span>
     <span class='ocr_line' id='line_1_43' title="bbox 301 3176 2686 3241; baseline 0.001 -15"><span class='ocrx_word' id='word_1_603' title='bbox 301 3176 528 3240; x_wconf 83' lang='grc' dir='ltr'><strong><em>ἐςφόρεον</em></strong></span> <span class='ocrx_word' id='word_1_604' title='bbox 564 3199 603 3226; x_wconf 92' lang='lat' dir='ltr'><strong>V.</strong></span> <span class='ocrx_word' id='word_1_605' title='bbox 632 3187 686 3225; x_wconf 90' lang='grc'><strong>34</strong></span> <span class='ocrx_word' id='word_1_606' title='bbox 715 3182 811 3224; x_wconf 91' lang='lat' dir='ltr'><strong>coll.</strong></span> <span class='ocrx_word' id='word_1_607' title='bbox 842 3196 942 3224; x_wconf 89' lang='lat' dir='ltr'><strong>cum</strong></span> <span class='ocrx_word' id='word_1_608' title='bbox 969 3187 1008 3232; x_wconf 85' lang='lat'><strong>4,</strong></span> <span class='ocrx_word' id='word_1_609' title='bbox 1038 3183 1116 3225; x_wconf 88' lang='grc'><strong>775</strong></span> <span class='ocrx_word' id='word_1_610' title='bbox 1148 3181 1285 3238; x_wconf 91' lang='lat' dir='ltr'><strong>(adde</strong></span> <span class='ocrx_word' id='word_1_611' title='bbox 1315 3180 1478 3225; x_wconf 91' lang='lat' dir='ltr'><strong>Platon.</strong></span> <span class='ocrx_word' id='word_1_612' title='bbox 1509 3181 1672 3225; x_wconf 86' lang='lat' dir='ltr'><strong>conviv.</strong></span> <span class='ocrx_word' id='word_1_613' title='bbox 1702 3199 1741 3240; x_wconf 89' lang='lat' dir='ltr'><strong>p.</strong></span> <span class='ocrx_word' id='word_1_614' title='bbox 1776 3184 1865 3235; x_wconf 87' lang='lat'><strong>176,</strong></span> <span class='ocrx_word' id='word_1_615' title='bbox 1896 3198 1920 3226; x_wconf 93' lang='lat' dir='ltr'><strong>e</strong></span> <span class='ocrx_word' id='word_1_616' title='bbox 1949 3199 1959 3225; x_wconf 89' lang='lat'>:</span> <span class='ocrx_word' id='word_1_617' title='bbox 1987 3185 2084 3233; x_wconf 85' lang='grc' dir='ltr'><strong><em>ταῖς</em></strong></span> <span class='ocrx_word' id='word_1_618' title='bbox 2120 3183 2289 3239; x_wconf 81' lang='grc' dir='ltr'><strong><em>γυναιξὶ</em></strong></span> <span class='ocrx_word' id='word_1_619' title='bbox 2331 3185 2457 3233; x_wconf 87' lang='grc' dir='ltr'><strong><em>ταῖς</em></strong></span> <span class='ocrx_word' id='word_1_620' title='bbox 2500 3179 2686 3241; x_wconf 80' lang='grc' dir='ltr'><strong><em>ἔνδον).</em></strong></span> 
     </span>
     <span class='ocr_line' id='line_1_44' title="bbox 300 3251 2691 3314; baseline 0 -16"><span class='ocrx_word' id='word_1_621' title='bbox 300 3256 419 3299; x_wconf 90' lang='lat' dir='ltr'><strong>Idem</strong></span> <span class='ocrx_word' id='word_1_622' title='bbox 442 3255 759 3297; x_wconf 89' lang='lat' dir='ltr'><strong>confirmabitur</strong></span> <span class='ocrx_word' id='word_1_623' title='bbox 778 3254 936 3296; x_wconf 91' lang='lat' dir='ltr'><strong>scholio</strong></span> <span class='ocrx_word' id='word_1_624' title='bbox 961 3254 1147 3309; x_wconf 77' lang='lat' dir='ltr'><strong>Vulgato</strong></span> <span class='ocrx_word' id='word_1_625' title='bbox 1168 3254 1221 3296; x_wconf 90' lang='lat' dir='ltr'><strong>ad</strong></span> <span class='ocrx_word' id='word_1_626' title='bbox 1243 3257 1308 3304; x_wconf 84' lang='lat'><strong>22,</strong></span> <span class='ocrx_word' id='word_1_627' title='bbox 1334 3257 1421 3305; x_wconf 90' lang='grc'><strong>130,</strong></span> <span class='ocrx_word' id='word_1_628' title='bbox 1453 3255 1487 3297; x_wconf 91' lang='lat' dir='ltr'><strong>si</strong></span> <span class='ocrx_word' id='word_1_629' title='bbox 1507 3253 1598 3310; x_wconf 83' lang='lat' dir='ltr'><strong>ejus</strong></span> <span class='ocrx_word' id='word_1_630' title='bbox 1620 3254 1760 3305; x_wconf 86' lang='lat' dir='ltr'><strong>verba,</strong></span> <span class='ocrx_word' id='word_1_631' title='bbox 1783 3271 1821 3297; x_wconf 96' lang='lat' dir='ltr'><strong>V.</strong></span> <span class='ocrx_word' id='word_1_632' title='bbox 1838 3270 1967 3311; x_wconf 90' lang='lat' dir='ltr'><strong>supra</strong></span> <span class='ocrx_word' id='word_1_633' title='bbox 1987 3271 2028 3312; x_wconf 93' lang='lat' dir='ltr'><strong>p.</strong></span> <span class='ocrx_word' id='word_1_634' title='bbox 2046 3259 2099 3298; x_wconf 89' lang='lat'><strong>60</strong></span> <span class='ocrx_word' id='word_1_635' title='bbox 2118 3265 2213 3314; x_wconf 91' lang='lat' dir='ltr'><strong>post</strong></span> <span class='ocrx_word' id='word_1_636' title='bbox 2233 3255 2354 3306; x_wconf 90' lang='lat' dir='ltr'><strong>med.,</strong></span> <span class='ocrx_word' id='word_1_637' title='bbox 2385 3251 2629 3311; x_wconf 58' lang='grc' dir='ltr'><strong><em>»στενωπὸς</em></strong></span> <span class='ocrx_word' id='word_1_638' title='bbox 2646 3255 2691 3299; x_wconf 81' lang='grc' dir='ltr'><strong>ἐν</strong></span> 
     </span>
     <span class='ocr_line' id='line_1_45' title="bbox 299 3318 2689 3384; baseline 0.001 -15"><span class='ocrx_word' id='word_1_639' title='bbox 299 3318 337 3381; x_wconf 82' lang='grc' dir='ltr'><em>ᾦ</em></span> <span class='ocrx_word' id='word_1_640' title='bbox 367 3326 440 3369; x_wconf 82' lang='grc' dir='ltr'><strong>καὶ</strong></span> <span class='ocrx_word' id='word_1_641' title='bbox 470 3322 494 3369; x_wconf 84' lang='grc' dir='ltr'>ὁ</span> <span class='ocrx_word' id='word_1_642' title='bbox 524 3319 788 3378; x_wconf 76' lang='grc' dir='ltr'><strong><em>θάλαμος“,</em></strong></span> <span class='ocrx_word' id='word_1_643' title='bbox 836 3325 878 3367; x_wconf 92' lang='lat' dir='ltr'><strong>id</strong></span> <span class='ocrx_word' id='word_1_644' title='bbox 908 3325 1023 3382; x_wconf 92' lang='lat' dir='ltr'><strong>quod</strong></span> <span class='ocrx_word' id='word_1_645' title='bbox 1051 3325 1229 3369; x_wconf 84' lang='lat' dir='ltr'><strong>fecimus</strong></span> <span class='ocrx_word' id='word_1_646' title='bbox 1266 3324 1307 3367; x_wconf 91' lang='lat' dir='ltr'><strong>in</strong></span> <span class='ocrx_word' id='word_1_647' title='bbox 1338 3325 1653 3369; x_wconf 89' lang='lat' dir='ltr'><strong>deformationis</strong></span> <span class='ocrx_word' id='word_1_648' title='bbox 1690 3326 1747 3368; x_wconf 84' lang='lat' dir='ltr'><strong>lit.</strong></span> <span class='ocrx_word' id='word_1_649' title='bbox 1785 3331 1833 3378; x_wconf 85' lang='lat' dir='ltr'><strong>t,</strong></span> <span class='ocrx_word' id='word_1_650' title='bbox 1882 3327 1935 3369; x_wconf 87' lang='lat' dir='ltr'><strong>ad</strong></span> <span class='ocrx_word' id='word_1_651' title='bbox 1978 3327 2213 3372; x_wconf 89' lang='lat' dir='ltr'><strong>interiorem</strong></span> <span class='ocrx_word' id='word_1_652' title='bbox 2257 3321 2425 3384; x_wconf 76' lang='grc' dir='ltr'><strong><em>λαύραν</em></strong></span> <span class='ocrx_word' id='word_1_653' title='bbox 2465 3328 2689 3371; x_wconf 88' lang='lat' dir='ltr'><strong>rettuleris.</strong></span> 
     </span>
    </p>
   </div>
  </div>
 </body>
</html>
