2955 3681
1441 83 1506 131 30

276 223 449 278 μᾶλλον
475 225 554 268 τοῦ
583 223 758 283 ἑτέρου·
804 218 896 269 aino
937 224 988 269 δὲ
1024 227 1101 281 τῆς
1137 227 1214 285 γῆς
1248 222 1320 283 τήν
1355 222 1548 286 κεφαλὴν
1576 221 1776 283 οἷπεχέτω
1805 225 1868 280 οἷς
1896 220 1979 272 δύο
2021 221 2209 287 πήχεας,
2252 248 2277 287 η
2303 231 2435 288 ολίγῳ
2459 229 2605 283 πλέον,
2633 221 2661 287 ἢ

277 291 466 341 ἔλασσον
492 314 529 341 κ.
557 312 597 340 τ.
630 296 693 340 λ.“
749 296 961 360 Proximis
989 297 1126 341 verbis
1157 298 1354 351 efficitur,
1385 299 1418 343 si
1448 307 1578 357 caput
1606 302 1769 357 aegroti
1798 301 1979 345 hominis
2007 301 2175 346 circiter
2202 304 2328 347 trium
2351 303 2506 361 pedum
2527 303 2659 346 inter-

277 368 391 413 vallo
421 384 446 413 a
475 369 565 413 solo
595 368 787 420 distaret,
816 364 1051 426 μεσόδμην,
1081 369 1244 414 trabem
1271 370 1398 423 illam,
1431 385 1454 415 e
1485 386 1569 429 qua
1596 378 1733 416 totum
1764 386 1918 430 corpus
1946 386 2200 430 suspensum
2230 382 2356 426 esset,
2385 374 2658 419 minimum

278 440 370 484 fere
399 455 549 483 novem
580 440 711 496 pedes
741 455 766 482 a
795 440 884 483 solo
913 441 1111 484 abfuisse.
1169 442 1283 485 Tota
1317 443 1426 485 enim
1464 442 1570 486 ratio
1598 442 1766 486 femoris
1796 443 1838 485 in
1866 443 2009 486 locum
2039 444 2295 500 reponendi,
2340 460 2447 502 quae
2472 445 2501 488 l.
2527 444 2554 488 l.
2585 444 2658 487 de-

278 511 496 562 scribitur,
546 511 758 567 postulat,
799 518 849 554 ut
886 527 1042 568 corpus
1081 513 1156 569 per
1191 513 1320 570 pedes
1360 528 1609 570 suspensum
1652 514 1768 556 nulla
1809 529 1857 558 re
1895 513 2151 570 impediatur
2189 531 2296 559 neve
2335 524 2526 559 extrema
2563 530 2659 572 pars

275 582 433 638 pedum
473 581 526 624 ad
564 582 698 637 ipsam
742 582 905 625 trabem
943 582 1189 626 aeclinetur.
1253 583 1480 628 Praeterea
1515 576 1718 641 μεσόδμη
1756 584 1827 627 illa
1862 583 1992 627 fuisse
2031 588 2336 629 transversaria
2372 587 2486 629 trabs
2524 586 2659 629 cuivis

276 651 499 695 videbitur.
558 651 657 705 Quo
687 659 829 695 autem
857 654 1024 696 aedium
1054 654 1151 697 loco
1180 660 1224 696 et
1253 655 1321 697 cui
1350 654 1459 698 bono
1486 654 1635 706 fucrit,
1663 654 1832 697 minime
1862 646 2159 711 cognoscitur.
2207 656 2370 700 Alter
2398 656 2519 700 locus
2547 656 2661 713 apud

274 722 482 764 inferioris
512 722 661 764 aetatis
690 729 861 780 poetam
891 724 1119 767 invenitur.
1178 724 1401 777 Quintus
1431 724 1752 781 Smyrnaeus
1780 724 1912 776 XIII,
1943 728 2020 768 451
2054 740 2113 782 sq.
2142 726 2185 768 in
2214 726 2367 782 Trojae
2396 726 2560 769 excidio
2589 726 2661 770 de—

273 794 500 836 scribendo
530 795 635 836 haec
665 793 795 836 tradit
823 809 833 835 ε
879 788 1060 850 ,,”Αλλῳ
1091 794 1129 837 δ’
1159 787 1214 838 αὖ
1242 791 1446 853 φεύγοντι
1476 792 1554 838 δια
1580 788 1812 854 μεγάροιο,
1841 789 2312 853 μεσο’δμη”Εμπεσε
2338 796 2552 854 καιομένη,
2581 794 2660 840 ἐπὶ

275 864 314 905 δ’
341 859 501 921 ἤριπεν
530 860 663 907 αἶπύν
690 861 926 920 ὄλεθρον.“
985 866 1130 917 Quae,
1167 881 1423 922 quamquam
1453 867 1505 908 ad
1534 867 1664 908 trabis
1692 866 2023 908 transversariae
2052 867 2394 919 significationem
2425 868 2531 908 bene
2560 882 2660 909 con-

276 937 452 977 veniunt
481 944 525 978 et
555 936 677 977 facile
709 944 980 978 commonent
1023 950 1196 990 precum
1227 938 1560 992 Agamemnonis
1591 938 1639 979 11.
1668 938 1739 986 II,
1767 940 1848 978 413
1878 952 1969 992 sqq.
2027 932 2107 992 Me}
2133 938 2240 993 πρὶν
2266 936 2336 980 ἐπ’
2364 934 2508 992 ἠέλιον
2534 938 2660 980 δῦναι

270 1006 345 1049 καὶ
387 1004 464 1049 ἐπὶ
493 1006 652 1062 κνέφας
680 1006 852 1057 ἐλθεῖν,
894 1005 1009 1062 Πρίν
1036 1021 1092 1058 με
1121 1006 1232 1049 κατά
1262 1007 1423 1064 πρηνὲς
1448 1007 1625 1061 βαλέειν
1651 1003 1880 1063 Πριάμοιο
1906 1006 2204 1064 μέλαθρον
2231 1004 2464 1051 Amenda»
2492 1026 2528 1052 κ.
2556 1025 2590 1052 τ.
2618 1008 2657 1051 λ.

273 1079 368 1121 coll.
408 1077 542 1134 ipsius
572 1078 720 1131 Quinti
750 1078 887 1129 XIII,
928 1083 1012 1121 430
1038 1070 1188 1135 Πάντῃ
1231 1078 1268 1121 δ’
1307 1074 1500 1122 ἄλλοθεν
1536 1074 1648 1122 ἄλλα
1684 1077 1997 1135 κατηρείποντο
2023 1079 2233 1134 μέλαθρα
2259 1073 2474 1138 Ὺψόϋεν,
2518 1088 2657 1125 tamen

273 1157 435 1193 certum
466 1150 678 1205 tignorum
711 1165 846 1204 genus
878 1166 959 1192 non
990 1150 1219 1193 declarant.
1276 1150 1371 1193 Hoc
1401 1166 1531 1194 unum
1562 1152 1838 1195 certissimum
1871 1158 1948 1201 est,
1980 1150 2094 1193 hunc
2125 1167 2295 1207 quoque
2324 1152 2464 1195 locum
2497 1152 2659 1195 alicnis-

272 1221 423 1264 simum
453 1236 543 1264 esse
572 1237 596 1263 a
617 1222 657 1264 vi
678 1222 747 1263 illa
775 1221 814 1263 in
838 1221 995 1277 vulgus
1016 1222 1169 1264 tradita
1192 1222 1418 1271 ”Blendem
1447 1221 1668 1273 Nise-hen«,
1698 1221 2085 1278 quam-Homericis
2102 1218 2350 1274 μεσόδμαις
2369 1222 2657 1276 subiecerunt.

404 1291 501 1334 Jam
540 1292 678 1334 varias
718 1284 945 1348 μεσόδμης
983 1292 1352 1349 interpretationes
1391 1291 1534 1336 affero.
1599 1293 1786 1336 Tantum
1827 1305 1899 1342 ea,
1941 1305 2050 1348 quae
2097 1292 2148 1334 ad
2191 1306 2339 1335 navem
2370 1292 2568 1343 attinent,
2605 1306 2658 1337 ne

267 1362 426 1406 multus
454 1364 544 1414 sim,
576 1363 736 1405 omitto.
795 1363 970 1406 Ceteras
1000 1364 1057 1406 ita
1087 1364 1278 1420 dispono,
1307 1370 1355 1405 ut
1383 1363 1635 1407 antecedant.
1663 1363 1762 1421 ipsis
1791 1364 2072 1419 interpretum
2102 1363 2237 1406 verbis
2265 1365 2367 1407 certi
2388 1363 2658 1418 significatio-

267 1448 368 1477 num
406 1434 486 1477 loci
530 1436 717 1478 numeris
761 1434 957 1486 distincti,
1000 1435 1053 1478 ad
1093 1450 1198 1492 quos
1235 1442 1278 1478 et
1314 1427 1541 1492 μεσόδμης
1578 1434 1878 1492 explicationes
1915 1433 2023 1477 infra
2062 1435 2274 1490 ponendas
2311 1442 2352 1477 et
2381 1442 2657 1490 cognatarum

266 1520 422 1549 vocum
448 1505 821 1563 interpretationes
851 1505 1010 1550 referre
1040 1506 1181 1551 liceat.
1238 1505 1317 1549 Est
1342 1505 1470 1563 igitur

455 1589 522 1645 A·
566 1622 635 1629 -
676 1585 996 1649 ΜΕΣΟΔΜΠ
1027 1609 1141 1662 (orta
1171 1622 1222 1650 ex
1253 1597 1523 1662 »μεσοδόμηα
1553 1604 1750 1663 συγκοπῇ
1777 1605 1846 1648 Et.
1875 1604 1938 1648 M.
1969 1621 2011 1662 p.
2042 1606 2142 1656 581,
2174 1607 2213 1656 5,
2241 1604 2439 1648 feminino
2467 1604 2659 1661 adjectivi

261 1670 526 1734 μεσόδομος,
556 1678 606 1723 cf.
636 1679 825 1723 Lobeck.
856 1680 954 1723 Par.
977 1681 1074 1732 466)
1105 1677 1161 1734 1.)
1195 1678 1309 1721 trabs
1340 1677 1545 1733 quaedam
1575 1676 1878 1720 transversaria
1909 1676 2060 1719 domus
2090 1676 2150 1730 2.)
2181 1675 2412 1718 tabulatum
2443 1676 2657 1732 quoddam

266 1751 374 1795 trabi
416 1750 657 1807 impositum
702 1750 760 1807 3.)
793 1750 954 1793 cavatio
986 1750 1193 1806 quaedam
1224 1750 1309 1792 sive
1338 1762 1530 1791 recessus
1560 1747 1731 1804 quidam
1762 1761 1890 1805 super
1920 1747 2277 1803 contignationem
2304 1746 2372 1788 vel
2402 1746 2513 1789 inter
2543 1746 2657 1803 tigna

265 1823 439 1865 relictus
487 1825 546 1875 4.)
586 1822 821 1876 obscoenae
864 1821 1182 1878 significationis
1227 1823 1285 1875 5.)
1325 1820 1430 1862 haec
1470 1835 1552 1862 vox
1594 1820 1636 1862 in
1675 1819 1826 1876 glossis
1865 1818 2117 1876 quibusdam
2158 1817 2364 1874 corruptis
2409 1818 2477 1860 vel
2521 1818 2655 1860 dubiis

266 1895 499 1936 lexicorum
532 1894 763 1935 invenitur.

405 1969 461 2019 l.)
494 1965 682 2008 Galenus
713 1961 779 2014 εἷς
804 1961 856 2006 τὸ
884 1955 1190 2020 Ἱπποκράτους
1218 1962 1322 2019 περὶ
1354 1956 1537 2018 ἄρθρων
1566 1952 1799 2017 ὑπόμνημα
1826 1962 1868 2003 Δ
1903 1960 1968 2002 ed.
1999 1958 2167 2002 Kuelm.
2196 1959 2318 2002 Tom.
2346 1958 2530 2010 XVIII,
2561 1974 2655 2016 pars

263 2038 296 2085 Ι,
336 2053 430 2093 pag.
471 2040 550 2079 738
596 2037 680 2089 (ed.
712 2037 857 2078 Chart.
888 2036 999 2086 XII,
1040 2039 1131 2078 454.
1171 2034 1272 2089 455)
1319 2035 1370 2075 ad
1408 2034 1548 2075 locum
1588 2032 1857 2090 Hippocratis
1900 2031 1953 2073 de
1995 2031 2182 2073 articulis
2225 2045 2351 2087 supra
2395 2032 2653 2087 exscriptum

262 2106 484 2164 μεσόδμην
512 2110 652 2151 vocari
684 2108 830 2150 scribit
859 2105 910 2149 τό
939 2106 1050 2161 μέγα
1082 2100 1214 2159 ξύλον
1241 2099 1337 2148 dno*
1362 2105 1440 2147 τοῦ
1468 2102 1615 2161 ἑτέρου
1644 2102 1799 2157 τοίχου
1824 2099 1936 2161 πρὸς
1961 2096 2032 2145 τὸν
2059 2101 2205 2159 ἕτερον
2233 2103 2393 2159 διῆκον,
2423 2098 2466 2144 ε”ν
2491 2116 2538 2144 τε
2564 2105 2657 2152 τοῖς

264 2179 537 2233 πανδοχείων
567 2179 712 2228 οἴκοις
746 2181 838 2228 τοῖς
874 2171 1102 2233 μεγάλοις,
1143 2176 1187 2219 ἕν
1224 2170 1292 2226 οἷς
1321 2175 1466 2219 ἱστᾶσι
1493 2174 1549 2219 τοὶ
1580 2168 1713 2232 κτήνη,
1741 2175 1812 2217 καὶ
1845 2175 1936 2217 κατ’
1966 2167 2096 2233 α’γρὸν
2128 2171 2288 2227 ὁμοίως
2315 2172 2361 2214 ἐν
2387 2176 2482 2223 τοῖς
2509 2187 2656 2229 γεωρ-

263 2253 403 2307 γικοῖς
431 2251 586 2300 οἴκοις.

402 2325 458 2377 2.)
487 2339 523 2366 a.
551 2348 606 2354 --
636 2322 827 2365 Galenus
869 2323 910 2364 in
955 2321 1067 2378 expl.
1110 2336 1201 2363 voc.
1232 2320 1435 2377 Hippocr.
1474 2320 1538 2363 ed.
1568 2319 1703 2362 Franz
1732 2334 1772 2375 p.
1802 2321 1880 2362 522
1911 2310 2184 2374 Μεσόδμη
2214 2334 2223 2360 :
2254 2313 2279 2373 ἦ
2305 2318 2408 2359 καθ’
2436 2314 2508 2358 ἕνα
2538 2310 2655 2359 οἶκον

264 2392 331 2444 εἷς
360 2387 439 2437 διῗο
467 2393 784 2451 μεμερισμένον
813 2392 1077 2448 διορίζουσα
1104 2393 1184 2435 τοῦ
1210 2391 1340 2434 δοκοῦ
1370 2386 1515 2447 εἷρξις
1534 2391 1579 2444 ⁵),
1610 2384 1700 2433 οἶον
1723 2383 1920 2446 μεσοδμή
1950 2384 2194 2446 (μεσοδομή
2222 2390 2461 2446 suspicatur
2482 2389 2570 2441 Fr.)
2588 2402 2655 2437 τις

264 2461 390 2511 οὖσα.
456 2465 579 2517 Τινὲς
615 2467 664 2510 δὲ
691 2465 765 2510 καὶ
794 2465 845 2509 τὸ
876 2463 1187 2523 ὑπερκείμενον
1214 2464 1361 2520 στέγος
1387 2456 1606 2519 μεσόδμην
1630 2461 1823 2507 καλοῦσι.
1884 2466 1944 2517 2.)
1975 2462 2014 2506 b.
2049 2487 2094 2494 -
2126 2462 2366 2518 Hesychius
2398 2452 2653 2514 Μεσόδμαι,

263 2540 336 2583 καὶ
367 2533 666 2591 Μεσόδματα·
705 2535 761 2581 τοὶ
800 2533 1072 2591 μεσόστυλα·
1118 2537 1230 2586 τινὲς
1257 2535 1306 2579 δὲ
1334 2531 1389 2578 τα
1413 2534 1500 2578 τῶν
1528 2533 1668 2577 δοκῶν
1697 2528 1974 2591 διαστήματα
2003 2533 2212 2591 (proxima
2242 2532 2295 2574 ad
2324 2535 2383 2585 3.)
2415 2530 2653 2586 pertinent).

264 2614 322 2665 2.)
352 2626 387 2654 c.
421 2636 466 2642 —
500 2610 669 2653 Scholia
698 2610 747 2651 B.
778 2610 833 2651 H.
865 2608 917 2661 Q.
946 2609 999 2651 ad
1025 2624 1063 2659 τ,
1093 2609 1145 2650 37
1181 2602 1461 2660 μεσόδμαι
1491 2620 1505 2649 .·
1547 2602 1569 2648 ὁ
1607 2599 1894 2663 Ἀρίσταρχος
1929 2602 1985 2648 ta*
2015 2600 2264 2656 μεσόστυλα
2295 2603 2354 2658 (v.
2384 2602 2560 2644 alteram
2590 2601 2652 2642 in-

263 2681 613 2740 terpretationem
644 2679 771 2736 hujus
802 2680 943 2735 vocis,
983 2694 1108 2736 quam
1140 2679 1191 2722 ad
1221 2680 1281 2733 3.)
1318 2677 1554 2722 adscribam
1584 2692 1608 2719 e
1639 2676 1847 2733 Ducangii
1879 2676 2144 2728 Glossario),
2187 2670 2295 2718 ε”νιοι
2325 2670 2375 2715 δὲ
2404 2667 2459 2714 τά
2484 2666 2655 2727 μεταξιῗ

262 2755 348 2796 τῶν
384 2753 522 2795 δοκιῦν
556 2746 835 2808 διαστήματα
878 2752 1090 2808 (proxima
1129 2751 1181 2793 ad
1211 2751 1301 2806 3.)).
1343 2775 1394 2783 —
1438 2749 1577 2792 Schol.
1618 2748 1746 2805 vulg.
1786 2749 1839 2791 ad
1877 2748 2058 2791 eundem
2099 2748 2240 2790 locum
2278 2739 2336 2787 w*
2369 2738 2535 2796 μεταξῠ
2569 2744 2654 2786 τῶν

263 2820 416 2869 κιόνων
457 2816 792 2881 διαφράγματα,
829 2819 984 2872 οἵτινες
1018 2813 1128 2878 ἦσαν
1170 2820 1275 2879 περὶ
1304 2816 1405 2872 τοιῗς
1430 2819 1601 2874 τοίχους
1627 2814 1685 2863 τα“
1708 2814 1822 2878 ἄκρα
1849 2813 2140 2874 βαστάζοντες
2165 2817 2252 2861 τῶν
2280 2815 2429 2860 δοκῶν.
2489 2814 2651 2858 Eadem

266 2898 419 2954 repetit
449 2897 642 2939 Eustath.
680 2911 721 2952 p.
754 2897 872 2946 1855,
907 2898 923 2936 l
959 2911 968 2936 ε
1006 2894 1130 2937 οἴκου
1156 2886 1396 2948 μεσόδμαι,
1432 2890 1487 2935 τοὶ
1516 2886 1764 2945 μεσόστυλα
1793 2886 1902 2934 κατα
1929 2885 2233 2950 Ἀρίσταρχον·
2270 2888 2372 2930 καθ’
2402 2884 2574 2944 ἑτέρους
2602 2885 2652 2929 δὲ

264 2967 320 3012 τὰ
348 2963 516 3022 μεταξῦ
542 2968 627 3010 τῶν
656 2967 817 3009 δοκῶν·
861 2962 964 3009 ε”νιοι
997 2963 1073 3019 δὲ,
1114 2956 1433 3021 διαφράγματα
1460 2958 1487 3020 ἢ
1515 2962 1587 3006 καὶ
1619 2955 1893 3019 διαστήματα
1919 2957 2088 3017 μεταξύ
2114 2962 2204 3005 τῶν
2232 2952 2400 3012 κιόνων,
2438 2954 2499 3012 o‘l,
2527 2971 2652 3014 φασι,

405 3204 433 3247 ο)
455 3205 541 3237 Post
570 3213 686 3236 vocem
723 3196 828 3252 εἶρξις
862 3204 893 3234 in
920 3203 984 3234 Ms.
1010 3203 1042 3235 D
1069 3201 1209 3234 additur
1230 3195 1397 3250 μόχθοις,
1429 3201 1462 3232 in
1497 3198 1574 3231 cod.
1598 3198 1734 3240 Mosqu.
1757 3194 1910 3251 μοηὺσις.
1959 3198 1998 3232 C.
2023 3198 2058 3231 F.
2085 3198 2262 3231 Hermann
2294 3195 2329 3227 in
2365 3194 2468 3227 literis
2496 3196 2581 3229 1844
2606 3195 2649 3228 ad

266 3273 320 3295 me
346 3263 443 3299 datis,
459 3262 609 3293 sortasse
633 3260 848 3291 scribendum
873 3260 1008 3301 putavit
1029 3256 1197 3309 μύνοσις,
1222 3257 1385 3289 Lobcck.
1411 3256 1511 3288 Path.
1536 3259 1622 3297 part.
1648 3257 1750 3297 prior.
1775 3266 1808 3298 p.
1835 3257 1901 3288 296
1927 3267 1935 3287 ε
1960 3250 2130 3307 ,μόχθοις
2155 3254 2218 3285 hoc
2242 3256 2314 3291 est,
2338 3256 2435 3292 puto,
2461 3246 2608 3296 δόκησις
2631 3246 2650 3300 ἦ

268 3316 470 3367 διορίζουσα
493 3314 574 3361 τούς
597 3313 740 3368 δόμους,
767 3327 835 3349 uno
859 3317 961 3349 verbo
985 3312 1028 3351 eto*
1050 3309 1262 3366 μεσότοιχον
1285 3315 1355 3347 sive
1378 3314 1490 3355 paries
1514 3313 1756 3355 intergerinus,
1780 3323 1848 3353 quo
1873 3313 2052 3346 conclavia
2075 3313 2318 3352 disparantiir.u
