<?xml version="1.0" encoding="UTF-8"?>
<!DOCTYPE html PUBLIC "-//W3C//DTD XHTML 1.0 Transitional//EN"
    "http://www.w3.org/TR/xhtml1/DTD/xhtml1-transitional.dtd">
<html xmlns="http://www.w3.org/1999/xhtml" xml:lang="en" lang="en">
 <head>
  <title>
</title>
<meta http-equiv="Content-Type" content="text/html;charset=utf-8" />
  <meta name='ocr-system' content='tesseract 3.04.00' />
  <meta name='ocr-capabilities' content='ocr_page ocr_carea ocr_par ocr_line ocrx_word'/>
</head>
<body>
  <div class='ocr_page' id='page_1' title='image "4770466_0031.png"; bbox 0 0 2955 3681; ppageno 0'>
   <div class='ocr_carea' id='block_1_1' title="bbox 1431 100 1492 148">
    <p class='ocr_par' dir='ltr' id='par_1_1' title="bbox 1431 100 1492 148">
     <span class='ocr_line' id='line_1_1' title="bbox 1431 100 1492 148; baseline 0.016 -1"><span class='ocrx_word' id='word_1_1' title='bbox 1431 100 1492 148; x_wconf 77' lang='lat'>51</span> 
     </span>
    </p>
   </div>
   <div class='ocr_carea' id='block_1_2' title="bbox 206 242 2658 3385">
    <p class='ocr_par' dir='ltr' id='par_1_2' title="bbox 206 242 2658 3385">
     <span class='ocr_line' id='line_1_2' title="bbox 206 242 2658 311; baseline 0.003 -22"><span class='ocrx_word' id='word_1_2' title='bbox 206 268 207 271; x_wconf 60' lang='lat'><em>=</em></span> <span class='ocrx_word' id='word_1_3' title='bbox 277 246 532 290; x_wconf 81' lang='lat' dir='ltr'>Germanico</span> <span class='ocrx_word' id='word_1_4' title='bbox 573 243 754 299; x_wconf 71' lang='lat' dir='ltr'>»Schqss</span> <span class='ocrx_word' id='word_1_5' title='bbox 789 242 1070 300; x_wconf 55' lang='lat' dir='ltr'>(Geaehofifi</span> <span class='ocrx_word' id='word_1_6' title='bbox 1100 252 1146 288; x_wconf 87' lang='lat' dir='ltr'>et</span> <span class='ocrx_word' id='word_1_7' title='bbox 1173 244 1226 287; x_wconf 87' lang='lat' dir='ltr'>de</span> <span class='ocrx_word' id='word_1_8' title='bbox 1255 254 1467 295; x_wconf 80' lang='lat' dir='ltr'>sarmento</span> <span class='ocrx_word' id='word_1_9' title='bbox 1496 247 1658 289; x_wconf 86' lang='lat' dir='ltr'>recenti</span> <span class='ocrx_word' id='word_1_10' title='bbox 1686 255 1730 290; x_wconf 90' lang='lat' dir='ltr'>et</span> <span class='ocrx_word' id='word_1_11' title='bbox 1758 246 1811 290; x_wconf 88' lang='lat' dir='ltr'>de</span> <span class='ocrx_word' id='word_1_12' title='bbox 1841 249 2062 306; x_wconf 80' lang='lat' dir='ltr'>superiore</span> <span class='ocrx_word' id='word_1_13' title='bbox 2090 248 2407 308; x_wconf 75' lang='lat' dir='ltr'>contignatione</span> <span class='ocrx_word' id='word_1_14' title='bbox 2435 261 2658 311; x_wconf 79' lang='lat' dir='ltr'>usurpato,</span> 
     </span>
     <span class='ocr_line' id='line_1_3' title="bbox 274 313 2655 374; baseline 0.003 -14"><span class='ocrx_word' id='word_1_15' title='bbox 274 331 312 360; x_wconf 86' lang='lat' dir='ltr'>v.</span> <span class='ocrx_word' id='word_1_16' title='bbox 341 316 539 374; x_wconf 77' lang='lat' dir='ltr'>Adelunq</span> <span class='ocrx_word' id='word_1_17' title='bbox 575 313 772 364; x_wconf 62' lang='lat' dir='ltr'>naa-terh.</span> <span class='ocrx_word' id='word_1_18' title='bbox 801 313 842 356; x_wconf 89' lang='lat' dir='ltr'>in</span> <span class='ocrx_word' id='word_1_19' title='bbox 872 328 913 357; x_wconf 77' lang='lat' dir='ltr'>v·</span> <span class='ocrx_word' id='word_1_20' title='bbox 944 313 1067 358; x_wconf 80' lang='lat' dir='ltr'>Seock</span> <span class='ocrx_word' id='word_1_21' title='bbox 1094 316 1136 360; x_wconf 79' lang='lat' dir='ltr'>S.</span> <span class='ocrx_word' id='word_1_22' title='bbox 1169 317 1257 358; x_wconf 86' lang='grc'>770</span> <span class='ocrx_word' id='word_1_23' title='bbox 1283 325 1326 360; x_wconf 89' lang='lat' dir='ltr'>et</span> <span class='ocrx_word' id='word_1_24' title='bbox 1350 317 1392 360; x_wconf 90' lang='lat' dir='ltr'>in</span> <span class='ocrx_word' id='word_1_25' title='bbox 1423 332 1461 359; x_wconf 86' lang='lat' dir='ltr'>v.</span> <span class='ocrx_word' id='word_1_26' title='bbox 1490 315 1736 361; x_wconf 82' lang='lat' dir='ltr'>Stockwerk.</span> <span class='ocrx_word' id='word_1_27' title='bbox 1762 319 1805 361; x_wconf 78' lang='lat' dir='ltr'>S.</span> <span class='ocrx_word' id='word_1_28' title='bbox 1837 321 1923 361; x_wconf 86' lang='lat'>775</span> <span class='ocrx_word' id='word_1_29' title='bbox 1933 351 1947 373; x_wconf 89' lang='lat'>,</span> <span class='ocrx_word' id='word_1_30' title='bbox 1987 320 2083 363; x_wconf 87' lang='lat' dir='ltr'>coll.</span> <span class='ocrx_word' id='word_1_31' title='bbox 2121 320 2268 364; x_wconf 67' lang='lat' dir='ltr'>Frisch</span> <span class='ocrx_word' id='word_1_32' title='bbox 2302 316 2557 367; x_wconf 58' lang='lat' dir='ltr'>Tamna-lat.</span> <span class='ocrx_word' id='word_1_33' title='bbox 2594 325 2655 366; x_wconf 74' lang='lat' dir='ltr'>W.</span> 
     </span>
     <span class='ocr_line' id='line_1_4' title="bbox 274 384 2655 453; baseline 0.003 -22"><span class='ocrx_word' id='word_1_34' title='bbox 274 386 339 444; x_wconf 83' lang='lat' dir='ltr'>II,</span> <span class='ocrx_word' id='word_1_35' title='bbox 365 386 454 431; x_wconf 78' lang='lat'>221</span> <span class='ocrx_word' id='word_1_36' title='bbox 486 385 732 442; x_wconf 62' lang='lat' dir='ltr'>»Gau-leffe,</span> <span class='ocrx_word' id='word_1_37' title='bbox 759 399 801 429; x_wconf 87' lang='lat' dir='ltr'>n.</span> <span class='ocrx_word' id='word_1_38' title='bbox 831 384 1114 442; x_wconf 79' lang='lat' dir='ltr'>contignatio,</span> <span class='ocrx_word' id='word_1_39' title='bbox 1155 387 1306 432; x_wconf 82' lang='lat' dir='ltr'>editior</span> <span class='ocrx_word' id='word_1_40' title='bbox 1333 388 1498 432; x_wconf 86' lang='lat' dir='ltr'>aedium</span> <span class='ocrx_word' id='word_1_41' title='bbox 1527 403 1648 446; x_wconf 86' lang='lat' dir='ltr'>pars,</span> <span class='ocrx_word' id='word_1_42' title='bbox 1692 390 1760 433; x_wconf 67' lang='grc' dir='ltr'>εἴη</span> <span class='ocrx_word' id='word_1_43' title='bbox 1787 387 2033 435; x_wconf 78' lang='lat' dir='ltr'>Slockwerk.</span> <span class='ocrx_word' id='word_1_44' title='bbox 2062 391 2174 437; x_wconf 85' lang='lat' dir='ltr'>Gall.</span> <span class='ocrx_word' id='word_1_45' title='bbox 2205 393 2368 453; x_wconf 60' lang='lat' dir='ltr'>dage«.</span> <span class='ocrx_word' id='word_1_46' title='bbox 2434 395 2571 453; x_wconf 76' lang='lat' dir='ltr'>Atqui</span> <span class='ocrx_word' id='word_1_47' title='bbox 2609 395 2655 438; x_wconf 89' lang='lat' dir='ltr'>in</span> 
     </span>
     <span class='ocr_line' id='line_1_5' title="bbox 274 455 2655 522; baseline 0.002 -19"><span class='ocrx_word' id='word_1_48' title='bbox 274 459 442 503; x_wconf 77' lang='lat' dir='ltr'>Graeca</span> <span class='ocrx_word' id='word_1_49' title='bbox 471 457 616 513; x_wconf 86' lang='lat' dir='ltr'>lingua</span> <span class='ocrx_word' id='word_1_50' title='bbox 643 472 668 500; x_wconf 86' lang='lat' dir='ltr'>a</span> <span class='ocrx_word' id='word_1_51' title='bbox 695 456 826 502; x_wconf 84' lang='lat' dir='ltr'>verbo</span> <span class='ocrx_word' id='word_1_52' title='bbox 852 455 1056 516; x_wconf 73' lang='grc' dir='ltr'><strong><em>ῥηγνύναι</em></strong></span> <span class='ocrx_word' id='word_1_53' title='bbox 1084 467 1127 502; x_wconf 88' lang='lat' dir='ltr'>et</span> <span class='ocrx_word' id='word_1_54' title='bbox 1156 459 1373 502; x_wconf 84' lang='lat' dir='ltr'>vocabulis</span> <span class='ocrx_word' id='word_1_55' title='bbox 1401 459 1496 503; x_wconf 88' lang='lat' dir='ltr'>inde</span> <span class='ocrx_word' id='word_1_56' title='bbox 1527 460 1744 512; x_wconf 87' lang='lat' dir='ltr'>derivatis,</span> <span class='ocrx_word' id='word_1_57' title='bbox 1782 462 1897 518; x_wconf 91' lang='lat' dir='ltr'>quod</span> <span class='ocrx_word' id='word_1_58' title='bbox 1927 458 2078 514; x_wconf 88' lang='lat' dir='ltr'>sciam,</span> <span class='ocrx_word' id='word_1_59' title='bbox 2122 472 2166 507; x_wconf 90' lang='lat' dir='ltr'>et</span> <span class='ocrx_word' id='word_1_60' title='bbox 2192 464 2466 508; x_wconf 71' lang='lat' dir='ltr'>»fulciendi«</span> <span class='ocrx_word' id='word_1_61' title='bbox 2496 465 2655 522; x_wconf 80' lang='lat' dir='ltr'>signifi-</span> 
     </span>
     <span class='ocr_line' id='line_1_6' title="bbox 272 527 2654 588; baseline 0.003 -15"><span class='ocrx_word' id='word_1_62' title='bbox 272 528 380 574; x_wconf 84' lang='lat' dir='ltr'>catio</span> <span class='ocrx_word' id='word_1_63' title='bbox 408 527 542 572; x_wconf 85' lang='lat' dir='ltr'>aliena</span> <span class='ocrx_word' id='word_1_64' title='bbox 570 535 649 579; x_wconf 87' lang='lat' dir='ltr'>est,</span> <span class='ocrx_word' id='word_1_65' title='bbox 678 543 819 586; x_wconf 88' lang='lat' dir='ltr'>neque</span> <span class='ocrx_word' id='word_1_66' title='bbox 839 529 1114 588; x_wconf 81' lang='lat' dir='ltr'>npullnlandi,</span> <span class='ocrx_word' id='word_1_67' title='bbox 1144 528 1433 584; x_wconf 71' lang='lat' dir='ltr'>germinandi«</span> <span class='ocrx_word' id='word_1_68' title='bbox 1465 531 1548 574; x_wconf 89' lang='lat' dir='ltr'>vim</span> <span class='ocrx_word' id='word_1_69' title='bbox 1578 531 1680 575; x_wconf 90' lang='lat' dir='ltr'>alias</span> <span class='ocrx_word' id='word_1_70' title='bbox 1695 532 1939 575; x_wconf 86' lang='lat' dir='ltr'>translatam</span> <span class='ocrx_word' id='word_1_71' title='bbox 1969 547 2060 577; x_wconf 89' lang='lat' dir='ltr'>esse</span> <span class='ocrx_word' id='word_1_72' title='bbox 2088 534 2141 576; x_wconf 88' lang='lat' dir='ltr'>ad</span> <span class='ocrx_word' id='word_1_73' title='bbox 2170 549 2238 578; x_wconf 90' lang='lat' dir='ltr'>res</span> <span class='ocrx_word' id='word_1_74' title='bbox 2257 536 2299 579; x_wconf 92' lang='lat' dir='ltr'>in</span> <span class='ocrx_word' id='word_1_75' title='bbox 2329 537 2460 580; x_wconf 88' lang='lat' dir='ltr'>altum</span> <span class='ocrx_word' id='word_1_76' title='bbox 2491 545 2654 581; x_wconf 84' lang='lat' dir='ltr'>exstru-</span> 
     </span>
     <span class='ocr_line' id='line_1_7' title="bbox 273 596 2653 665; baseline 0.003 -21"><span class='ocrx_word' id='word_1_77' title='bbox 273 607 363 644; x_wconf 86' lang='lat' dir='ltr'>ctas</span> <span class='ocrx_word' id='word_1_78' title='bbox 398 599 674 643; x_wconf 85' lang='lat' dir='ltr'>demonstrari</span> <span class='ocrx_word' id='word_1_79' title='bbox 708 609 862 657; x_wconf 87' lang='lat' dir='ltr'>potest.</span> <span class='ocrx_word' id='word_1_80' title='bbox 919 602 1065 654; x_wconf 85' lang='lat' dir='ltr'><strong>Quare</strong></span> <span class='ocrx_word' id='word_1_81' title='bbox 1092 602 1205 645; x_wconf 87' lang='lat' dir='ltr'>illius</span> <span class='ocrx_word' id='word_1_82' title='bbox 1232 602 1403 658; x_wconf 77' lang='lat' dir='ltr'>linguae</span> <span class='ocrx_word' id='word_1_83' title='bbox 1432 604 1606 658; x_wconf 78' lang='lat' dir='ltr'>vestigia</span> <span class='ocrx_word' id='word_1_84' title='bbox 1634 617 1874 659; x_wconf 87' lang='lat' dir='ltr'>sequamur.</span> <span class='ocrx_word' id='word_1_85' title='bbox 1931 603 1970 646; x_wconf 88' lang='grc' dir='ltr'>Ε</span> <span class='ocrx_word' id='word_1_86' title='bbox 1998 596 2221 657; x_wconf 86' lang='lat' dir='ltr'>sarmenti,</span> <span class='ocrx_word' id='word_1_87' title='bbox 2257 606 2404 661; x_wconf 87' lang='lat' dir='ltr'>fustis,</span> <span class='ocrx_word' id='word_1_88' title='bbox 2443 608 2653 665; x_wconf 80' lang='lat' dir='ltr'>veprium,</span> 
     </span>
     <span class='ocr_line' id='line_1_8' title="bbox 270 671 2649 735; baseline 0.004 -21"><span class='ocrx_word' id='word_1_89' title='bbox 270 671 428 714; x_wconf 85' lang='lat' dir='ltr'>dumeti</span> <span class='ocrx_word' id='word_1_90' title='bbox 462 671 654 722; x_wconf 90' lang='lat' dir='ltr'>notione,</span> <span class='ocrx_word' id='word_1_91' title='bbox 693 687 818 728; x_wconf 85' lang='lat' dir='ltr'>quam</span> <span class='ocrx_word' id='word_1_92' title='bbox 853 688 979 729; x_wconf 86' lang='lat' dir='ltr'>supra</span> <span class='ocrx_word' id='word_1_93' title='bbox 1008 674 1335 732; x_wconf 78' lang='lat' dir='ltr'>explicavimus,</span> <span class='ocrx_word' id='word_1_94' title='bbox 1372 673 1525 730; x_wconf 74' lang='lat' dir='ltr'>Graeci</span> <span class='ocrx_word' id='word_1_95' title='bbox 1554 673 1678 717; x_wconf 84' lang='lat' dir='ltr'>facile</span> <span class='ocrx_word' id='word_1_96' title='bbox 1707 675 1966 718; x_wconf 88' lang='lat' dir='ltr'>transierunt</span> <span class='ocrx_word' id='word_1_97' title='bbox 1994 676 2045 717; x_wconf 88' lang='lat' dir='ltr'>ad</span> <span class='ocrx_word' id='word_1_98' title='bbox 2078 677 2280 727; x_wconf 81' lang='lat' dir='ltr'>cratium,</span> <span class='ocrx_word' id='word_1_99' title='bbox 2317 678 2649 735; x_wconf 85' lang='lat' dir='ltr'>sepimentorum</span> 
     </span>
     <span class='ocr_line' id='line_1_9' title="bbox 269 739 2650 807; baseline 0.004 -24"><span class='ocrx_word' id='word_1_100' title='bbox 269 742 366 784; x_wconf 86' lang='lat' dir='ltr'>vim.</span> <span class='ocrx_word' id='word_1_101' title='bbox 422 742 526 786; x_wconf 85' lang='lat' dir='ltr'>Hes.</span> <span class='ocrx_word' id='word_1_102' title='bbox 553 741 596 784; x_wconf 88' lang='lat' dir='ltr'>in</span> <span class='ocrx_word' id='word_1_103' title='bbox 625 758 666 785; x_wconf 83' lang='lat' dir='ltr'>v.</span> <span class='ocrx_word' id='word_1_104' title='bbox 690 739 835 796; x_wconf 80' lang='grc' dir='ltr'><strong><em>Ῥαχοί</em></strong></span> <span class='ocrx_word' id='word_1_105' title='bbox 861 768 916 776; x_wconf 91' lang='grc'>-</span> <span class='ocrx_word' id='word_1_106' title='bbox 941 770 996 777; x_wconf 91' lang='grc'><strong>-</strong></span> <span class='ocrx_word' id='word_1_107' title='bbox 1025 741 1144 795; x_wconf 81' lang='grc' dir='ltr'><strong><em>ἔιιοι,</em></strong></span> <span class='ocrx_word' id='word_1_108' title='bbox 1172 739 1281 793; x_wconf 74' lang='grc' dir='ltr'><strong><em>τοιῖς</em></strong></span> <span class='ocrx_word' id='word_1_109' title='bbox 1307 744 1554 801; x_wconf 74' lang='grc' dir='ltr'><strong><em>σφακέλοις</em></strong></span> <span class='ocrx_word' id='word_1_110' title='bbox 1580 744 1864 802; x_wconf 76' lang='grc' dir='ltr'><strong><em>(φακέλλους)</em></strong></span> <span class='ocrx_word' id='word_1_111' title='bbox 1892 746 1978 788; x_wconf 77' lang='grc' dir='ltr'>τῶν</span> <span class='ocrx_word' id='word_1_112' title='bbox 2003 747 2030 800; x_wconf 86' lang='grc' dir='ltr'><strong><em>ξ</em></strong></span> <span class='ocrx_word' id='word_1_113' title='bbox 2036 739 2175 788; x_wconf 83' lang='grc' dir='ltr'><strong><em>υλων</em></strong></span> <span class='ocrx_word' id='word_1_114' title='bbox 2217 742 2370 799; x_wconf 70' lang='grc' dir='ltr'><strong><em>ἄλλοι,</em></strong></span> <span class='ocrx_word' id='word_1_115' title='bbox 2408 763 2489 798; x_wconf 83' lang='grc' dir='ltr'>τας</span> <span class='ocrx_word' id='word_1_116' title='bbox 2519 764 2650 807; x_wconf 77' lang='grc' dir='ltr'><strong><em>μυρι·</em></strong></span> 
     </span>
     <span class='ocr_line' id='line_1_10' title="bbox 266 806 2648 876; baseline 0.004 -22"><span class='ocrx_word' id='word_1_117' title='bbox 266 812 388 861; x_wconf 77' lang='grc' dir='ltr'><strong><em>κίνας</em></strong></span> <span class='ocrx_word' id='word_1_118' title='bbox 414 810 625 870; x_wconf 59' lang='grc' dir='ltr'><strong><em>ῥάβδοις</em></strong></span> <span class='ocrx_word' id='word_1_119' title='bbox 656 810 750 856; x_wconf 73' lang='grc' dir='ltr'><strong><em>ἔστι</em></strong></span> <span class='ocrx_word' id='word_1_120' title='bbox 777 813 827 857; x_wconf 81' lang='grc' dir='ltr'>δὲ</span> <span class='ocrx_word' id='word_1_121' title='bbox 856 808 1118 865; x_wconf 65' lang='grc' dir='ltr'><strong><em>ἀκανθῶδες</em></strong></span> <span class='ocrx_word' id='word_1_122' title='bbox 1144 809 1305 872; x_wconf 76' lang='grc' dir='ltr'>φυτόν,</span> <span class='ocrx_word' id='word_1_123' title='bbox 1334 809 1411 871; x_wconf 64' lang='grc' dir='ltr'>ἐφ’</span> <span class='ocrx_word' id='word_1_124' title='bbox 1439 806 1492 859; x_wconf 80' lang='grc' dir='ltr'><strong><em>οἶ·</em></strong></span> <span class='ocrx_word' id='word_1_125' title='bbox 1517 812 1568 859; x_wconf 79' lang='grc' dir='ltr'>τό</span> <span class='ocrx_word' id='word_1_126' title='bbox 1592 814 1890 872; x_wconf 75' lang='grc' dir='ltr'><strong><em>περίφραγμα</em></strong></span> <span class='ocrx_word' id='word_1_127' title='bbox 1918 825 1961 860; x_wconf 87' lang='lat' dir='ltr'>ct</span> <span class='ocrx_word' id='word_1_128' title='bbox 1990 818 2030 859; x_wconf 87' lang='lat' dir='ltr'>in</span> <span class='ocrx_word' id='word_1_129' title='bbox 2061 833 2098 859; x_wconf 86' lang='lat' dir='ltr'>v.</span> <span class='ocrx_word' id='word_1_130' title='bbox 2128 815 2267 875; x_wconf 75' lang='grc' dir='ltr'><strong><em>ῥαχός</em></strong></span> <span class='ocrx_word' id='word_1_131' title='bbox 2293 844 2347 851; x_wconf 91' lang='grc'><strong>-</strong></span> <span class='ocrx_word' id='word_1_132' title='bbox 2374 819 2446 863; x_wconf 82' lang='grc' dir='ltr'><strong><em>καὶ</em></strong></span> <span class='ocrx_word' id='word_1_133' title='bbox 2475 815 2499 863; x_wconf 88' lang='grc' dir='ltr'>ὁ</span> <span class='ocrx_word' id='word_1_134' title='bbox 2524 834 2648 876; x_wconf 77' lang='grc' dir='ltr'><strong><em>φρα-</em></strong></span> 
     </span>
     <span class='ocr_line' id='line_1_11' title="bbox 264 879 2652 948; baseline 0.003 -24"><span class='ocrx_word' id='word_1_135' title='bbox 264 882 373 939; x_wconf 74' lang='grc' dir='ltr'><strong><em>γμὸς</em></strong></span> <span class='ocrx_word' id='word_1_136' title='bbox 399 883 487 925; x_wconf 75' lang='grc' dir='ltr'>τῶν</span> <span class='ocrx_word' id='word_1_137' title='bbox 511 885 681 938; x_wconf 78' lang='grc' dir='ltr'><em>τειχῶν.</em></span> <span class='ocrx_word' id='word_1_138' title='bbox 737 885 918 929; x_wconf 90' lang='lat' dir='ltr'>Photius</span> <span class='ocrx_word' id='word_1_139' title='bbox 948 903 987 943; x_wconf 88' lang='lat' dir='ltr'>p.</span> <span class='ocrx_word' id='word_1_140' title='bbox 1016 891 1111 938; x_wconf 70' lang='lat'>484,</span> <span class='ocrx_word' id='word_1_141' title='bbox 1146 891 1235 930; x_wconf 84' lang='lat'>12:</span> <span class='ocrx_word' id='word_1_142' title='bbox 1264 879 1415 945; x_wconf 73' lang='grc' dir='ltr'><strong><em>ῥάχοι,</em></strong></span> <span class='ocrx_word' id='word_1_143' title='bbox 1456 886 1505 931; x_wconf 82' lang='grc' dir='ltr'><strong><em>αἱ</em></strong></span> <span class='ocrx_word' id='word_1_144' title='bbox 1539 885 1765 943; x_wconf 78' lang='grc' dir='ltr'><strong><em>μιρικίι·αι</em></strong></span> <span class='ocrx_word' id='word_1_145' title='bbox 1794 884 1975 945; x_wconf 73' lang='grc' dir='ltr'><strong><em>ῥάβδοι.</em></strong></span> <span class='ocrx_word' id='word_1_146' title='bbox 2030 884 2244 942; x_wconf 75' lang='grc' dir='ltr'><strong><em>Ράχοισιν</em></strong></span> <span class='ocrx_word' id='word_1_147' title='bbox 2275 881 2469 947; x_wconf 76' lang='grc' dir='ltr'><strong><em>ὄρχοὲδος</em></strong></span> <span class='ocrx_word' id='word_1_148' title='bbox 2504 892 2652 948; x_wconf 63' lang='lat' dir='ltr'>oriri-9</span> 
     </span>
     <span class='ocr_line' id='line_1_12' title="bbox 266 950 2652 1020; baseline 0.003 -23"><span class='ocrx_word' id='word_1_149' title='bbox 266 953 493 1012; x_wconf 64' lang='grc' dir='ltr'><strong><em>Σοφοκλῆς</em></strong></span> <span class='ocrx_word' id='word_1_150' title='bbox 522 955 572 1011; x_wconf 78' lang='grc' dir='ltr'>δὲ</span> <span class='ocrx_word' id='word_1_151' title='bbox 599 950 702 1007; x_wconf 71' lang='grc' dir='ltr'><strong><em>τοιῗς</em></strong></span> <span class='ocrx_word' id='word_1_152' title='bbox 727 956 956 1015; x_wconf 76' lang='grc' dir='ltr'><strong><em>φραγμούς</em></strong></span> <span class='ocrx_word' id='word_1_153' title='bbox 981 959 1056 1015; x_wconf 60' lang='grc' dir='ltr'><strong><em>τῆς</em></strong></span> <span class='ocrx_word' id='word_1_154' title='bbox 1084 958 1273 1017; x_wconf 77' lang='grc' dir='ltr'><strong><em>ποίμνης</em></strong></span> <span class='ocrx_word' id='word_1_155' title='bbox 1301 960 1393 1004; x_wconf 88' lang='lat' dir='ltr'>coll.</span> <span class='ocrx_word' id='word_1_156' title='bbox 1424 959 1604 1004; x_wconf 82' lang='lat' dir='ltr'>Ellendt.</span> <span class='ocrx_word' id='word_1_157' title='bbox 1636 958 1716 1003; x_wconf 84' lang='lat' dir='ltr'>lex.</span> <span class='ocrx_word' id='word_1_158' title='bbox 1748 958 1948 1017; x_wconf 79' lang='lat' dir='ltr'>Sopliocl.</span> <span class='ocrx_word' id='word_1_159' title='bbox 1979 960 2019 1002; x_wconf 86' lang='lat' dir='ltr'>in</span> <span class='ocrx_word' id='word_1_160' title='bbox 2050 976 2090 1003; x_wconf 75' lang='lat' dir='ltr'>v·</span> <span class='ocrx_word' id='word_1_161' title='bbox 2120 975 2271 1018; x_wconf 82' lang='grc' dir='ltr'><strong><em>ορχας.</em></strong></span> <span class='ocrx_word' id='word_1_162' title='bbox 2302 987 2355 993; x_wconf 84' lang='grc'>-</span> <span class='ocrx_word' id='word_1_163' title='bbox 2384 961 2488 1006; x_wconf 86' lang='lat' dir='ltr'>Hes.</span> <span class='ocrx_word' id='word_1_164' title='bbox 2504 956 2652 1020; x_wconf 70' lang='grc' dir='ltr'><strong><em>Ῥηχος</em></strong></span> 
     </span>
     <span class='ocr_line' id='line_1_13' title="bbox 266 1021 2650 1091; baseline 0.004 -22"><span class='ocrx_word' id='word_1_165' title='bbox 266 1026 471 1085; x_wconf 78' lang='grc' dir='ltr'><strong><em>φραγμός</em></strong></span> <span class='ocrx_word' id='word_1_166' title='bbox 498 1028 595 1071; x_wconf 91' lang='lat' dir='ltr'>coll.</span> <span class='ocrx_word' id='word_1_167' title='bbox 623 1021 814 1087; x_wconf 67' lang='lat' dir='ltr'>Dpvfzov.</span> <span class='ocrx_word' id='word_1_168' title='bbox 844 1031 922 1089; x_wconf 75' lang='grc' dir='ltr'><strong><em>τῆς</em></strong></span> <span class='ocrx_word' id='word_1_169' title='bbox 950 1028 1164 1084; x_wconf 81' lang='grc' dir='ltr'><strong><em>αἱμασίας</em></strong></span> <span class='ocrx_word' id='word_1_170' title='bbox 1193 1030 1306 1085; x_wconf 82' lang='lat' dir='ltr'>(sic).</span> <span class='ocrx_word' id='word_1_171' title='bbox 1333 1056 1375 1063; x_wconf 89' lang='lat'>—-</span> <span class='ocrx_word' id='word_1_172' title='bbox 1409 1030 1559 1076; x_wconf 86' lang='lat' dir='ltr'>Snidas</span> <span class='ocrx_word' id='word_1_173' title='bbox 1589 1049 1599 1075; x_wconf 89' lang='lat'>:</span> <span class='ocrx_word' id='word_1_174' title='bbox 1623 1028 1806 1088; x_wconf 71' lang='grc' dir='ltr'><strong><em>Ῥαχίης.</em></strong></span> <span class='ocrx_word' id='word_1_175' title='bbox 1838 1031 2055 1089; x_wconf 68' lang='grc' dir='ltr'><strong><em>φραγμοῦ.</em></strong></span> <span class='ocrx_word' id='word_1_176' title='bbox 2085 1025 2112 1089; x_wconf 82' lang='grc' dir='ltr'>ἢ</span> <span class='ocrx_word' id='word_1_177' title='bbox 2139 1032 2301 1085; x_wconf 79' lang='grc' dir='ltr'><strong><em>δέσμαι</em></strong></span> <span class='ocrx_word' id='word_1_178' title='bbox 2327 1033 2415 1077; x_wconf 80' lang='grc' dir='ltr'>τῶν</span> <span class='ocrx_word' id='word_1_179' title='bbox 2441 1029 2650 1091; x_wconf 76' lang='grc' dir='ltr'><strong><em>φραγμά-</em></strong></span> 
     </span>
     <span class='ocr_line' id='line_1_14' title="bbox 263 1095 2647 1163; baseline 0.004 -21"><span class='ocrx_word' id='word_1_180' title='bbox 263 1115 360 1143; x_wconf 76' lang='grc' dir='ltr'><strong><em>των.</em></strong></span> <span class='ocrx_word' id='word_1_181' title='bbox 385 1095 622 1157; x_wconf 78' lang='grc' dir='ltr'><strong><em>Ἡρόδοτος</em></strong></span> <span class='ocrx_word' id='word_1_182' title='bbox 649 1100 722 1158; x_wconf 80' lang='lat' dir='ltr'>(cf.</span> <span class='ocrx_word' id='word_1_183' title='bbox 745 1102 894 1146; x_wconf 81' lang='lat' dir='ltr'>Bernli.</span> <span class='ocrx_word' id='word_1_184' title='bbox 925 1104 977 1146; x_wconf 84' lang='lat' dir='ltr'>ad</span> <span class='ocrx_word' id='word_1_185' title='bbox 1008 1120 1061 1155; x_wconf 90' lang='lat' dir='ltr'>v.,</span> <span class='ocrx_word' id='word_1_186' title='bbox 1083 1103 1207 1146; x_wconf 89' lang='lat' dir='ltr'>Tom.</span> <span class='ocrx_word' id='word_1_187' title='bbox 1240 1103 1296 1154; x_wconf 90' lang='lat' dir='ltr'>II,</span> <span class='ocrx_word' id='word_1_188' title='bbox 1326 1120 1366 1162; x_wconf 88' lang='lat' dir='ltr'>p.</span> <span class='ocrx_word' id='word_1_189' title='bbox 1386 1106 1496 1158; x_wconf 82' lang='lat'>597),</span> <span class='ocrx_word' id='word_1_190' title='bbox 1525 1104 1622 1147; x_wconf 85' lang='lat' dir='ltr'>ibid.</span> <span class='ocrx_word' id='word_1_191' title='bbox 1644 1120 1686 1160; x_wconf 83' lang='lat' dir='ltr'>p.</span> <span class='ocrx_word' id='word_1_192' title='bbox 1708 1108 1785 1148; x_wconf 85' lang='lat'>611</span> <span class='ocrx_word' id='word_1_193' title='bbox 1819 1122 1830 1148; x_wconf 71' lang='grc' dir='ltr'><strong>ε</strong></span> <span class='ocrx_word' id='word_1_194' title='bbox 1855 1103 2000 1160; x_wconf 73' lang='grc' dir='ltr'><strong><em>Ῥῆχος</em></strong></span> <span class='ocrx_word' id='word_1_195' title='bbox 2018 1104 2122 1160; x_wconf 84' lang='lat' dir='ltr'>(sic)</span> <span class='ocrx_word' id='word_1_196' title='bbox 2151 1101 2372 1162; x_wconf 76' lang='grc' dir='ltr'><strong><em>φραγμός.</em></strong></span> <span class='ocrx_word' id='word_1_197' title='bbox 2399 1103 2647 1163; x_wconf 78' lang='grc' dir='ltr'><strong><em>Ἡρόδοτος.</em></strong></span> 
     </span>
     <span class='ocr_line' id='line_1_15' title="bbox 265 1169 2648 1236; baseline 0.003 -21"><span class='ocrx_word' id='word_1_198' title='bbox 265 1172 509 1216; x_wconf 88' lang='lat' dir='ltr'>Herodotus</span> <span class='ocrx_word' id='word_1_199' title='bbox 538 1181 679 1216; x_wconf 89' lang='lat' dir='ltr'>autem</span> <span class='ocrx_word' id='word_1_200' title='bbox 713 1174 817 1225; x_wconf 91' lang='lat' dir='ltr'>VII,</span> <span class='ocrx_word' id='word_1_201' title='bbox 852 1178 929 1218; x_wconf 83' lang='lat'>142</span> <span class='ocrx_word' id='word_1_202' title='bbox 963 1175 1024 1218; x_wconf 91' lang='lat' dir='ltr'>sic</span> <span class='ocrx_word' id='word_1_203' title='bbox 1054 1191 1064 1218; x_wconf 89' lang='lat'>:</span> <span class='ocrx_word' id='word_1_204' title='bbox 1094 1170 1120 1231; x_wconf 82' lang='grc' dir='ltr'><em>ἦ</em></span> <span class='ocrx_word' id='word_1_205' title='bbox 1144 1170 1228 1233; x_wconf 68' lang='grc' dir='ltr'>γάρ</span> <span class='ocrx_word' id='word_1_206' title='bbox 1253 1169 1491 1232; x_wconf 77' lang='grc' dir='ltr'><strong><em>οἷκρόπολις</em></strong></span> <span class='ocrx_word' id='word_1_207' title='bbox 1514 1172 1564 1219; x_wconf 77' lang='grc' dir='ltr'>τό</span> <span class='ocrx_word' id='word_1_208' title='bbox 1591 1172 1738 1219; x_wconf 75' lang='grc' dir='ltr'><strong><em>πάλαι</em></strong></span> <span class='ocrx_word' id='word_1_209' title='bbox 1766 1176 1857 1219; x_wconf 77' lang='grc' dir='ltr'>τῶν</span> <span class='ocrx_word' id='word_1_210' title='bbox 1882 1169 2103 1234; x_wconf 62' lang='grc' dir='ltr'>Ἀθηνέων</span> <span class='ocrx_word' id='word_1_211' title='bbox 2128 1176 2273 1233; x_wconf 67' lang='grc' dir='ltr'>ῥηχῷ</span> <span class='ocrx_word' id='word_1_212' title='bbox 2304 1175 2576 1236; x_wconf 68' lang='grc' dir='ltr'><strong><em>ἐπέφρακτο.</em></strong></span> <span class='ocrx_word' id='word_1_213' title='bbox 2605 1178 2648 1223; x_wconf 83' lang='grc' dir='ltr'><strong><em>οἱ</em></strong></span> 
     </span>
     <span class='ocr_line' id='line_1_16' title="bbox 261 1239 2644 1307; baseline 0.003 -21"><span class='ocrx_word' id='word_1_214' title='bbox 261 1243 341 1299; x_wconf 73' lang='grc' dir='ltr'>μὲν</span> <span class='ocrx_word' id='word_1_215' title='bbox 368 1242 424 1303; x_wconf 76' lang='grc' dir='ltr'><em>δὴ</em></span> <span class='ocrx_word' id='word_1_216' title='bbox 452 1242 563 1288; x_wconf 73' lang='grc' dir='ltr'><strong><em>κατά</em></strong></span> <span class='ocrx_word' id='word_1_217' title='bbox 591 1239 667 1288; x_wconf 71' lang='grc' dir='ltr'>’τόν</span> <span class='ocrx_word' id='word_1_218' title='bbox 702 1244 906 1303; x_wconf 74' lang='grc' dir='ltr'><strong><em>φραγμόν</em></strong></span> <span class='ocrx_word' id='word_1_219' title='bbox 941 1240 1257 1301; x_wconf 70' lang='grc' dir='ltr'>συνεβάλλοντο</span> <span class='ocrx_word' id='word_1_220' title='bbox 1295 1248 1424 1290; x_wconf 78' lang='grc' dir='ltr'><strong><em>τοῦτο</em></strong></span> <span class='ocrx_word' id='word_1_221' title='bbox 1466 1245 1518 1291; x_wconf 80' lang='grc' dir='ltr'>τό</span> <span class='ocrx_word' id='word_1_222' title='bbox 1562 1243 1794 1302; x_wconf 71' lang='grc' dir='ltr'><strong><em>ξύλινον</em></strong></span> <span class='ocrx_word' id='word_1_223' title='bbox 1832 1251 2016 1301; x_wconf 80' lang='grc' dir='ltr'><strong><em>τεῖχος</em></strong></span> <span class='ocrx_word' id='word_1_224' title='bbox 2057 1242 2168 1291; x_wconf 72' lang='grc' dir='ltr'><strong><em>εἶναι</em></strong></span> <span class='ocrx_word' id='word_1_225' title='bbox 2198 1265 2234 1290; x_wconf 88' lang='grc' dir='ltr'>κ,</span> <span class='ocrx_word' id='word_1_226' title='bbox 2262 1264 2300 1291; x_wconf 79' lang='grc' dir='ltr'>τ.</span> <span class='ocrx_word' id='word_1_227' title='bbox 2330 1248 2393 1300; x_wconf 58' lang='lat' dir='ltr'>L,</span> <span class='ocrx_word' id='word_1_228' title='bbox 2436 1251 2489 1292; x_wconf 85' lang='lat' dir='ltr'>ad</span> <span class='ocrx_word' id='word_1_229' title='bbox 2520 1265 2644 1307; x_wconf 89' lang='lat' dir='ltr'>quem</span> 
     </span>
     <span class='ocr_line' id='line_1_17' title="bbox 263 1316 2649 1379; baseline 0.002 -20"><span class='ocrx_word' id='word_1_230' title='bbox 263 1316 406 1360; x_wconf 84' lang='lat' dir='ltr'>locum</span> <span class='ocrx_word' id='word_1_231' title='bbox 449 1318 503 1360; x_wconf 87' lang='lat' dir='ltr'>cf.</span> <span class='ocrx_word' id='word_1_232' title='bbox 538 1317 743 1369; x_wconf 74' lang='lat' dir='ltr'>Bursian,</span> <span class='ocrx_word' id='word_1_233' title='bbox 781 1318 929 1360; x_wconf 80' lang='lat' dir='ltr'>Kritik</span> <span class='ocrx_word' id='word_1_234' title='bbox 955 1333 1031 1360; x_wconf 86' lang='lat' dir='ltr'>von</span> <span class='ocrx_word' id='word_1_235' title='bbox 1058 1318 1196 1360; x_wconf 82' lang='lat' dir='ltr'>Beule‘</span> <span class='ocrx_word' id='word_1_236' title='bbox 1219 1318 1464 1376; x_wconf 76' lang='lat' dir='ltr'>I&#39;Acropolis</span> <span class='ocrx_word' id='word_1_237' title='bbox 1491 1319 1706 1362; x_wconf 71' lang='lat' dir='ltr'>d’Atlae&#39;nes</span> <span class='ocrx_word' id='word_1_238' title='bbox 1733 1319 1815 1362; x_wconf 76' lang='lat' dir='ltr'>Bk.</span> <span class='ocrx_word' id='word_1_239' title='bbox 1846 1319 1955 1361; x_wconf 80' lang='lat' dir='ltr'>Mus.</span> <span class='ocrx_word' id='word_1_240' title='bbox 1987 1320 2043 1362; x_wconf 92' lang='lat' dir='ltr'>N.</span> <span class='ocrx_word' id='word_1_241' title='bbox 2072 1319 2146 1369; x_wconf 74' lang='grc' dir='ltr'>Ε,</span> <span class='ocrx_word' id='word_1_242' title='bbox 2176 1322 2244 1363; x_wconf 88' lang='grc'>10.</span> <span class='ocrx_word' id='word_1_243' title='bbox 2275 1321 2446 1379; x_wconf 63' lang='lat' dir='ltr'>dam-9„</span> <span class='ocrx_word' id='word_1_244' title='bbox 2477 1322 2519 1364; x_wconf 72' lang='lat'>4.</span> <span class='ocrx_word' id='word_1_245' title='bbox 2547 1321 2649 1376; x_wconf 60' lang='lat' dir='ltr'>Hes}</span> 
     </span>
     <span class='ocr_line' id='line_1_18' title="bbox 267 1389 2647 1450; baseline 0.003 -21"><span class='ocrx_word' id='word_1_246' title='bbox 267 1389 382 1430; x_wconf 84' lang='lat'>1855</span> <span class='ocrx_word' id='word_1_247' title='bbox 397 1420 410 1440; x_wconf 92' lang='lat'>‚</span> <span class='ocrx_word' id='word_1_248' title='bbox 452 1405 496 1445; x_wconf 83' lang='lat' dir='ltr'>p.</span> <span class='ocrx_word' id='word_1_249' title='bbox 525 1391 613 1432; x_wconf 81' lang='lat'>476</span> <span class='ocrx_word' id='word_1_250' title='bbox 650 1392 754 1445; x_wconf 82' lang='lat' dir='ltr'>„der</span> <span class='ocrx_word' id='word_1_251' title='bbox 779 1390 959 1448; x_wconf 75' lang='lat' dir='ltr'>Zaqanq</span> <span class='ocrx_word' id='word_1_252' title='bbox 986 1407 1075 1432; x_wconf 79' lang='lat' dir='ltr'>war</span> <span class='ocrx_word' id='word_1_253' title='bbox 1102 1392 1176 1433; x_wconf 77' lang='lat' dir='ltr'>mit</span> <span class='ocrx_word' id='word_1_254' title='bbox 1203 1392 1315 1433; x_wconf 75' lang='lat' dir='ltr'>einer</span> <span class='ocrx_word' id='word_1_255' title='bbox 1341 1391 1554 1434; x_wconf 64' lang='lat' dir='ltr'>holzernen</span> <span class='ocrx_word' id='word_1_256' title='bbox 1592 1391 1913 1450; x_wconf 75' lang='lat' dir='ltr'>Umfriedae‘yunq</span> <span class='ocrx_word' id='word_1_257' title='bbox 1946 1391 2079 1446; x_wconf 83' lang='lat' dir='ltr'>(oder</span> <span class='ocrx_word' id='word_1_258' title='bbox 2108 1393 2221 1434; x_wconf 79' lang='lat' dir='ltr'>einer</span> <span class='ocrx_word' id='word_1_259' title='bbox 2248 1392 2480 1449; x_wconf 46' lang='lat' dir='ltr'>lebendi-qen</span> <span class='ocrx_word' id='word_1_260' title='bbox 2508 1392 2647 1436; x_wconf 78' lang='lat' dir='ltr'>Hecke</span> 
     </span>
     <span class='ocr_line' id='line_1_19' title="bbox 261 1455 2645 1520; baseline 0.002 -18"><span class='ocrx_word' id='word_1_261' title='bbox 261 1475 339 1503; x_wconf 79' lang='lat' dir='ltr'>aua</span> <span class='ocrx_word' id='word_1_262' title='bbox 367 1459 702 1503; x_wconf 70' lang='lat' dir='ltr'>Dornmiiuchen</span> <span class='ocrx_word' id='word_1_263' title='bbox 716 1464 767 1517; x_wconf 61' lang='grc' dir='ltr'>θ)</span> <span class='ocrx_word' id='word_1_264' title='bbox 793 1462 1027 1504; x_wconf 81' lang='lat' dir='ltr'>verwalzrt“</span> <span class='ocrx_word' id='word_1_265' title='bbox 1061 1463 1155 1505; x_wconf 90' lang='lat' dir='ltr'>coll.</span> <span class='ocrx_word' id='word_1_266' title='bbox 1188 1462 1308 1513; x_wconf 85' lang='lat' dir='ltr'>VIII,</span> <span class='ocrx_word' id='word_1_267' title='bbox 1339 1466 1387 1506; x_wconf 87' lang='lat'>51</span> <span class='ocrx_word' id='word_1_268' title='bbox 1419 1455 1692 1520; x_wconf 75' lang='grc' dir='ltr'><em>φραξάμενοι</em></span> <span class='ocrx_word' id='word_1_269' title='bbox 1719 1459 1796 1519; x_wconf 67' lang='grc' dir='ltr'>τὴν</span> <span class='ocrx_word' id='word_1_270' title='bbox 1824 1456 2070 1519; x_wconf 79' lang='grc' dir='ltr'><strong><em>α’κρόπολιν</em></strong></span> <span class='ocrx_word' id='word_1_271' title='bbox 2097 1456 2267 1520; x_wconf 55' lang='lat' dir='ltr'>&amp;degui</span> <span class='ocrx_word' id='word_1_272' title='bbox 2292 1478 2338 1506; x_wconf 82' lang='grc' dir='ltr'>τε</span> <span class='ocrx_word' id='word_1_273' title='bbox 2368 1463 2440 1507; x_wconf 82' lang='grc' dir='ltr'><strong><em>καὶ</em></strong></span> <span class='ocrx_word' id='word_1_274' title='bbox 2472 1457 2645 1517; x_wconf 73' lang='grc' dir='ltr'><strong><em>ξύλοισι</em></strong></span> 
     </span>
     <span class='ocr_line' id='line_1_20' title="bbox 261 1523 2644 1590; baseline 0.002 -16"><span class='ocrx_word' id='word_1_275' title='bbox 261 1523 466 1586; x_wconf 70' lang='grc' dir='ltr'><strong><em>ἠμύνοντο</em></strong></span> <span class='ocrx_word' id='word_1_276' title='bbox 492 1528 595 1582; x_wconf 72' lang='grc' dir='ltr'><strong><em>τούς</em></strong></span> <span class='ocrx_word' id='word_1_277' title='bbox 622 1525 823 1583; x_wconf 76' lang='grc' dir='ltr'><strong><em>ἐπιόντας</em></strong></span> <span class='ocrx_word' id='word_1_278' title='bbox 848 1547 887 1576; x_wconf 87' lang='grc' dir='ltr'>κ.</span> <span class='ocrx_word' id='word_1_279' title='bbox 918 1548 956 1575; x_wconf 79' lang='grc' dir='ltr'>τ.</span> <span class='ocrx_word' id='word_1_280' title='bbox 987 1531 1026 1575; x_wconf 82' lang='grc' dir='ltr'>λ.</span> <span class='ocrx_word' id='word_1_281' title='bbox 1087 1533 1278 1576; x_wconf 87' lang='lat' dir='ltr'>Cratium</span> <span class='ocrx_word' id='word_1_282' title='bbox 1307 1542 1446 1577; x_wconf 89' lang='lat' dir='ltr'>autem</span> <span class='ocrx_word' id='word_1_283' title='bbox 1475 1533 1727 1590; x_wconf 79' lang='lat' dir='ltr'>significatio</span> <span class='ocrx_word' id='word_1_284' title='bbox 1756 1542 1850 1576; x_wconf 86' lang='lat' dir='ltr'>aut</span> <span class='ocrx_word' id='word_1_285' title='bbox 1876 1533 1929 1575; x_wconf 93' lang='lat' dir='ltr'>ob</span> <span class='ocrx_word' id='word_1_286' title='bbox 1959 1550 2066 1590; x_wconf 89' lang='lat' dir='ltr'>opus</span> <span class='ocrx_word' id='word_1_287' title='bbox 2095 1534 2363 1577; x_wconf 79' lang='lat' dir='ltr'>reticulatum</span> <span class='ocrx_word' id='word_1_288' title='bbox 2393 1544 2434 1578; x_wconf 92' lang='lat' dir='ltr'>et</span> <span class='ocrx_word' id='word_1_289' title='bbox 2464 1535 2644 1578; x_wconf 86' lang='lat' dir='ltr'>clathra-</span> 
     </span>
     <span class='ocr_line' id='line_1_21' title="bbox 261 1603 2642 1663; baseline 0.001 -18"><span class='ocrx_word' id='word_1_290' title='bbox 261 1611 352 1645; x_wconf 81' lang='lat' dir='ltr'>tum</span> <span class='ocrx_word' id='word_1_291' title='bbox 382 1604 435 1646; x_wconf 89' lang='lat' dir='ltr'>ad</span> <span class='ocrx_word' id='word_1_292' title='bbox 465 1603 724 1661; x_wconf 89' lang='lat' dir='ltr'>superiorem</span> <span class='ocrx_word' id='word_1_293' title='bbox 755 1604 904 1646; x_wconf 90' lang='lat' dir='ltr'>domus</span> <span class='ocrx_word' id='word_1_294' title='bbox 934 1605 1293 1659; x_wconf 77' lang='lat' dir='ltr'>contignationem</span> <span class='ocrx_word' id='word_1_295' title='bbox 1324 1606 1498 1661; x_wconf 89' lang='lat' dir='ltr'>ejusque</span> <span class='ocrx_word' id='word_1_296' title='bbox 1527 1607 1736 1647; x_wconf 79' lang='lat' dir='ltr'>fenestras</span> <span class='ocrx_word' id='word_1_297' title='bbox 1767 1603 1980 1646; x_wconf 79' lang='lat' dir='ltr'>transferri</span> <span class='ocrx_word' id='word_1_298' title='bbox 2010 1606 2173 1661; x_wconf 90' lang='lat' dir='ltr'>potuit,</span> <span class='ocrx_word' id='word_1_299' title='bbox 2217 1614 2308 1647; x_wconf 87' lang='lat' dir='ltr'>aut</span> <span class='ocrx_word' id='word_1_300' title='bbox 2343 1605 2396 1648; x_wconf 91' lang='lat' dir='ltr'>ob</span> <span class='ocrx_word' id='word_1_301' title='bbox 2425 1606 2642 1663; x_wconf 79' lang='lat' dir='ltr'>contigna-</span> 
     </span>
     <span class='ocr_line' id='line_1_22' title="bbox 259 1675 2643 1734; baseline 0.001 -18"><span class='ocrx_word' id='word_1_302' title='bbox 259 1675 418 1717; x_wconf 88' lang='lat' dir='ltr'>tionem</span> <span class='ocrx_word' id='word_1_303' title='bbox 447 1675 768 1718; x_wconf 80' lang='lat' dir='ltr'>arrectariorum</span> <span class='ocrx_word' id='word_1_304' title='bbox 799 1684 842 1718; x_wconf 91' lang='lat' dir='ltr'>et</span> <span class='ocrx_word' id='word_1_305' title='bbox 869 1676 1271 1718; x_wconf 83' lang='lat' dir='ltr'>transversariorum</span> <span class='ocrx_word' id='word_1_306' title='bbox 1301 1676 1457 1719; x_wconf 87' lang='lat' dir='ltr'>craticii</span> <span class='ocrx_word' id='word_1_307' title='bbox 1485 1677 1647 1734; x_wconf 86' lang='lat' dir='ltr'>operis,</span> <span class='ocrx_word' id='word_1_308' title='bbox 1678 1675 1847 1717; x_wconf 88' lang='lat' dir='ltr'>Vitruv.</span> <span class='ocrx_word' id='word_1_309' title='bbox 1877 1675 1935 1726; x_wconf 86' lang='lat'>11,</span> <span class='ocrx_word' id='word_1_310' title='bbox 1965 1680 2002 1730; x_wconf 98' lang='lat'>8,</span> <span class='ocrx_word' id='word_1_311' title='bbox 2033 1680 2099 1717; x_wconf 80' lang='lat'>20.</span> <span class='ocrx_word' id='word_1_312' title='bbox 2156 1675 2303 1718; x_wconf 90' lang='lat' dir='ltr'>Illud</span> <span class='ocrx_word' id='word_1_313' title='bbox 2340 1677 2374 1718; x_wconf 86' lang='lat' dir='ltr'>si</span> <span class='ocrx_word' id='word_1_314' title='bbox 2414 1676 2643 1734; x_wconf 82' lang='lat' dir='ltr'>praeferes,</span> 
     </span>
     <span class='ocr_line' id='line_1_23' title="bbox 261 1739 2645 1805; baseline 0 -15"><span class='ocrx_word' id='word_1_315' title='bbox 261 1760 503 1803; x_wconf 83' lang='lat' dir='ltr'>comparare</span> <span class='ocrx_word' id='word_1_316' title='bbox 531 1747 656 1790; x_wconf 89' lang='lat' dir='ltr'>libeat</span> <span class='ocrx_word' id='word_1_317' title='bbox 684 1739 1228 1799; x_wconf 73' lang='lat' dir='ltr'>vocabulumdtnvwrdv,</span> <span class='ocrx_word' id='word_1_318' title='bbox 1276 1748 1391 1805; x_wconf 85' lang='lat' dir='ltr'>quod</span> <span class='ocrx_word' id='word_1_319' title='bbox 1428 1757 1471 1791; x_wconf 89' lang='lat' dir='ltr'>et</span> <span class='ocrx_word' id='word_1_320' title='bbox 1498 1762 1651 1791; x_wconf 90' lang='lat' dir='ltr'>nomen</span> <span class='ocrx_word' id='word_1_321' title='bbox 1696 1747 1922 1805; x_wconf 87' lang='lat' dir='ltr'>superioris</span> <span class='ocrx_word' id='word_1_322' title='bbox 1951 1746 2276 1804; x_wconf 77' lang='lat' dir='ltr'>contignationis</span> <span class='ocrx_word' id='word_1_323' title='bbox 2320 1747 2395 1804; x_wconf 89' lang='lat' dir='ltr'>(in</span> <span class='ocrx_word' id='word_1_324' title='bbox 2440 1763 2645 1791; x_wconf 76' lang='lat' dir='ltr'>summa</span> 
     </span>
     <span class='ocr_line' id='line_1_24' title="bbox 261 1813 2646 1877; baseline 0 -14"><span class='ocrx_word' id='word_1_325' title='bbox 261 1819 441 1877; x_wconf 88' lang='lat' dir='ltr'>domo)</span> <span class='ocrx_word' id='word_1_326' title='bbox 472 1827 538 1863; x_wconf 88' lang='lat' dir='ltr'>est</span> <span class='ocrx_word' id='word_1_327' title='bbox 566 1827 609 1864; x_wconf 86' lang='lat' dir='ltr'>et</span> <span class='ocrx_word' id='word_1_328' title='bbox 636 1819 859 1865; x_wconf 76' lang='lat' dir='ltr'>fenestram</span> <span class='ocrx_word' id='word_1_329' title='bbox 891 1821 1111 1877; x_wconf 75' lang='lat' dir='ltr'>significat.</span> <span class='ocrx_word' id='word_1_330' title='bbox 1168 1821 1274 1864; x_wconf 87' lang='lat' dir='ltr'>Hes.</span> <span class='ocrx_word' id='word_1_331' title='bbox 1306 1823 1367 1875; x_wconf 86' lang='lat' dir='ltr'>(et</span> <span class='ocrx_word' id='word_1_332' title='bbox 1395 1821 1431 1864; x_wconf 85' lang='lat' dir='ltr'>F</span> <span class='ocrx_word' id='word_1_333' title='bbox 1434 1819 1567 1877; x_wconf 83' lang='lat' dir='ltr'>avor.)</span> <span class='ocrx_word' id='word_1_334' title='bbox 1597 1813 1860 1863; x_wconf 77' lang='grc' dir='ltr'><strong><em>Δικτυωτόν.</em></strong></span> <span class='ocrx_word' id='word_1_335' title='bbox 1910 1815 2128 1876; x_wconf 74' lang='grc' dir='ltr'><strong><em>ὑπερῷον,</em></strong></span> <span class='ocrx_word' id='word_1_336' title='bbox 2176 1814 2226 1862; x_wconf 78' lang='grc' dir='ltr'>τό</span> <span class='ocrx_word' id='word_1_337' title='bbox 2252 1815 2423 1871; x_wconf 71' lang='grc' dir='ltr'><strong><em>πολλᾶς</em></strong></span> <span class='ocrx_word' id='word_1_338' title='bbox 2449 1818 2646 1877; x_wconf 70' lang='grc' dir='ltr'><strong><em>θυρίδας</em></strong></span> 
     </span>
     <span class='ocr_line' id='line_1_25' title="bbox 259 1887 2642 1950; baseline -0 -15"><span class='ocrx_word' id='word_1_339' title='bbox 259 1888 356 1945; x_wconf 75' lang='grc' dir='ltr'><strong><em>ἔχον</em></strong></span> <span class='ocrx_word' id='word_1_340' title='bbox 391 1887 715 1948; x_wconf 79' lang='grc' dir='ltr'><strong><em>(καγκελλωτόν</em></strong></span> <span class='ocrx_word' id='word_1_341' title='bbox 750 1893 898 1946; x_wconf 89' lang='lat' dir='ltr'>Cyrill.</span> <span class='ocrx_word' id='word_1_342' title='bbox 939 1893 1104 1948; x_wconf 83' lang='lat' dir='ltr'>addit),</span> <span class='ocrx_word' id='word_1_343' title='bbox 1145 1894 1403 1936; x_wconf 78' lang='lat' dir='ltr'>Theodoret.</span> <span class='ocrx_word' id='word_1_344' title='bbox 1443 1892 1616 1945; x_wconf 79' lang='lat' dir='ltr'>Quaest.</span> <span class='ocrx_word' id='word_1_345' title='bbox 1658 1892 1782 1946; x_wconf 89' lang='lat' dir='ltr'>(Hal.</span> <span class='ocrx_word' id='word_1_346' title='bbox 1817 1894 1950 1942; x_wconf 90' lang='grc'>1769)</span> <span class='ocrx_word' id='word_1_347' title='bbox 1988 1892 2110 1933; x_wconf 89' lang='lat' dir='ltr'>Tom.</span> <span class='ocrx_word' id='word_1_348' title='bbox 2142 1891 2186 1943; x_wconf 91' lang='lat'>1,</span> <span class='ocrx_word' id='word_1_349' title='bbox 2228 1908 2270 1950; x_wconf 90' lang='lat' dir='ltr'>p.</span> <span class='ocrx_word' id='word_1_350' title='bbox 2303 1894 2383 1934; x_wconf 87' lang='lat'>513</span> <span class='ocrx_word' id='word_1_351' title='bbox 2413 1893 2454 1934; x_wconf 93' lang='lat' dir='ltr'>in</span> <span class='ocrx_word' id='word_1_352' title='bbox 2485 1892 2574 1936; x_wconf 90' lang='lat' dir='ltr'>libr.</span> <span class='ocrx_word' id='word_1_353' title='bbox 2603 1900 2642 1935; x_wconf 84' lang='lat'>4.</span> 
     </span>
     <span class='ocr_line' id='line_1_26' title="bbox 258 1955 2643 2022; baseline -0 -15"><span class='ocrx_word' id='word_1_354' title='bbox 258 1963 503 2020; x_wconf 71' lang='lat' dir='ltr'>Regnorum</span> <span class='ocrx_word' id='word_1_355' title='bbox 533 1960 661 2022; x_wconf 81' lang='grc' dir='ltr'><strong><em>ἐρωτ.</em></strong></span> <span class='ocrx_word' id='word_1_356' title='bbox 682 1966 756 2020; x_wconf 81' lang='grc' dir='ltr'>βέ</span> <span class='ocrx_word' id='word_1_357' title='bbox 781 1957 960 2008; x_wconf 81' lang='grc' dir='ltr'><strong><em>Ὁποῒόν</em></strong></span> <span class='ocrx_word' id='word_1_358' title='bbox 985 1963 1080 2008; x_wconf 82' lang='grc' dir='ltr'><strong><em>ἐστι</em></strong></span> <span class='ocrx_word' id='word_1_359' title='bbox 1108 1958 1161 2008; x_wconf 80' lang='grc' dir='ltr'>τό</span> <span class='ocrx_word' id='word_1_360' title='bbox 1191 1962 1425 2008; x_wconf 81' lang='grc' dir='ltr'><strong><em>δικτυωτόν</em></strong></span> <span class='ocrx_word' id='word_1_361' title='bbox 1455 1963 1681 2021; x_wconf 66' lang='grc' dir='ltr'><strong><em>ὑπερῴονς</em></strong></span> <span class='ocrx_word' id='word_1_362' title='bbox 1708 1957 1836 2014; x_wconf 78' lang='grc' dir='ltr'><strong><em>Οἶκος</em></strong></span> <span class='ocrx_word' id='word_1_363' title='bbox 1865 1955 1911 2020; x_wconf 72' lang='grc' dir='ltr'>ἦν</span> <span class='ocrx_word' id='word_1_364' title='bbox 1938 1957 2052 2020; x_wconf 76' lang='grc' dir='ltr'>ὥρᾳ</span> <span class='ocrx_word' id='word_1_365' title='bbox 2081 1961 2284 2022; x_wconf 71' lang='grc' dir='ltr'><strong><em>θέρους</em></strong></span> <span class='ocrx_word' id='word_1_366' title='bbox 2309 1955 2643 2020; x_wconf 72' lang='grc' dir='ltr'><strong><em>ἐπιτήδειος,</em></strong></span> 
     </span>
     <span class='ocr_line' id='line_1_27' title="bbox 256 2028 2639 2095; baseline 0 -17"><span class='ocrx_word' id='word_1_367' title='bbox 256 2030 427 2086; x_wconf 76' lang='grc' dir='ltr'><strong><em>πολλᾰς</em></strong></span> <span class='ocrx_word' id='word_1_368' title='bbox 452 2033 563 2090; x_wconf 79' lang='grc' dir='ltr'><strong><em>ἔχων</em></strong></span> <span class='ocrx_word' id='word_1_369' title='bbox 589 2032 884 2095; x_wconf 71' lang='grc' dir='ltr'><strong><em>φωταγωγοιῖς</em></strong></span> <span class='ocrx_word' id='word_1_370' title='bbox 911 2035 1191 2086; x_wconf 76' lang='grc' dir='ltr'><strong><em>δικτυοειδαῖς</em></strong></span> <span class='ocrx_word' id='word_1_371' title='bbox 1220 2037 1639 2089; x_wconf 75' lang='grc' dir='ltr'><strong><em>κατεσκευασμένας,</em></strong></span> <span class='ocrx_word' id='word_1_372' title='bbox 1678 2029 1732 2085; x_wconf 72' lang='grc' dir='ltr'><strong><em>ἃς</em></strong></span> <span class='ocrx_word' id='word_1_373' title='bbox 1766 2032 2028 2092; x_wconf 58' lang='grc' dir='ltr'><strong><em>διατρήσας</em></strong></span> <span class='ocrx_word' id='word_1_374' title='bbox 2063 2028 2362 2087; x_wconf 71' lang='grc' dir='ltr'><strong><em>ὀνομάζουσιν</em></strong></span> <span class='ocrx_word' id='word_1_375' title='bbox 2386 2034 2433 2077; x_wconf 80' lang='grc' dir='ltr'><strong><em>οἱ</em></strong></span> <span class='ocrx_word' id='word_1_376' title='bbox 2464 2035 2639 2078; x_wconf 77' lang='grc' dir='ltr'><strong><em>πολλοί.</em></strong></span> 
     </span>
     <span class='ocr_line' id='line_1_28' title="bbox 257 2102 2644 2164; baseline -0.001 -15"><span class='ocrx_word' id='word_1_377' title='bbox 257 2106 503 2150; x_wconf 85' lang='lat' dir='ltr'>Fenestram</span> <span class='ocrx_word' id='word_1_378' title='bbox 544 2117 687 2150; x_wconf 88' lang='lat' dir='ltr'>autem</span> <span class='ocrx_word' id='word_1_379' title='bbox 728 2108 963 2164; x_wconf 83' lang='lat' dir='ltr'>significant</span> <span class='ocrx_word' id='word_1_380' title='bbox 997 2109 1076 2150; x_wconf 80' lang='lat' dir='ltr'>hoc</span> <span class='ocrx_word' id='word_1_381' title='bbox 1110 2109 1324 2151; x_wconf 79' lang='lat' dir='ltr'>vocabulo</span> <span class='ocrx_word' id='word_1_382' title='bbox 1361 2110 1514 2151; x_wconf 88' lang='lat' dir='ltr'>Graeci</span> <span class='ocrx_word' id='word_1_383' title='bbox 1544 2111 1791 2164; x_wconf 85' lang='lat' dir='ltr'>interpretes</span> <span class='ocrx_word' id='word_1_384' title='bbox 1821 2107 1997 2160; x_wconf 75' lang='lat' dir='ltr'>Reg.11</span> <span class='ocrx_word' id='word_1_385' title='bbox 2027 2107 2156 2160; x_wconf 87' lang='lat' dir='ltr'>(lv),</span> <span class='ocrx_word' id='word_1_386' title='bbox 2192 2111 2238 2155; x_wconf 85' lang='lat'>1,</span> <span class='ocrx_word' id='word_1_387' title='bbox 2267 2112 2332 2147; x_wconf 84' lang='lat'>2:</span> <span class='ocrx_word' id='word_1_388' title='bbox 2363 2106 2451 2148; x_wconf 87' lang='grc' dir='ltr'><strong><em>Και</em></strong></span> <span class='ocrx_word' id='word_1_389' title='bbox 2483 2102 2644 2149; x_wconf 77' lang='grc' dir='ltr'><strong><em>ἔπεσεν</em></strong></span> 
     </span>
     <span class='ocr_line' id='line_1_29' title="bbox 253 2170 2641 2245; baseline -0.001 -22.995"><span class='ocrx_word' id='word_1_390' title='bbox 253 2171 452 2233; x_wconf 82' lang='grc' dir='ltr'><strong><em>Ὀχοζίας</em></strong></span> <span class='ocrx_word' id='word_1_391' title='bbox 488 2174 564 2223; x_wconf 72' lang='lat' dir='ltr'>dan?</span> <span class='ocrx_word' id='word_1_392' title='bbox 596 2177 677 2222; x_wconf 80' lang='grc' dir='ltr'><strong><em>τοι)</em></strong></span> <span class='ocrx_word' id='word_1_393' title='bbox 717 2180 953 2222; x_wconf 80' lang='grc' dir='ltr'><strong><em>δικτιωτοῦ</em></strong></span> <span class='ocrx_word' id='word_1_394' title='bbox 983 2180 1245 2244; x_wconf 50' lang='lat' dir='ltr'>ozza-“i</span> <span class='ocrx_word' id='word_1_395' title='bbox 1215 2190 1306 2245; x_wconf 70' lang='grc'><em>’1313</em></span> <span class='ocrx_word' id='word_1_396' title='bbox 1343 2179 1367 2221; x_wconf 92' lang='lat' dir='ltr'>i.</span> <span class='ocrx_word' id='word_1_397' title='bbox 1397 2195 1432 2222; x_wconf 89' lang='lat' dir='ltr'>e.</span> <span class='ocrx_word' id='word_1_398' title='bbox 1466 2194 1542 2237; x_wconf 89' lang='lat' dir='ltr'>per</span> <span class='ocrx_word' id='word_1_399' title='bbox 1579 2179 1803 2221; x_wconf 82' lang='lat' dir='ltr'>fenestram</span> <span class='ocrx_word' id='word_1_400' title='bbox 1840 2177 2118 2233; x_wconf 78' lang='lat' dir='ltr'>clatliratam)</span> <span class='ocrx_word' id='word_1_401' title='bbox 2157 2177 2241 2220; x_wconf 83' lang='grc' dir='ltr'><strong><em>τοῦ</em></strong></span> <span class='ocrx_word' id='word_1_402' title='bbox 2277 2175 2325 2219; x_wconf 78' lang='grc' dir='ltr'>ἐν</span> <span class='ocrx_word' id='word_1_403' title='bbox 2349 2178 2415 2232; x_wconf 68' lang='lat' dir='ltr'>tq?</span> <span class='ocrx_word' id='word_1_404' title='bbox 2448 2170 2641 2235; x_wconf 71' lang='grc' dir='ltr'><strong><em>ὑπερῴῳ</em></strong></span> 
     </span>
     <span class='ocr_line' id='line_1_30' title="bbox 257 2238 2643 2309; baseline -0 -15"><span class='ocrx_word' id='word_1_405' title='bbox 257 2245 397 2294; x_wconf 76' lang='grc' dir='ltr'><strong><em>αὔτοῦ</em></strong></span> <span class='ocrx_word' id='word_1_406' title='bbox 423 2252 488 2308; x_wconf 73' lang='grc' dir='ltr'>τῷ</span> <span class='ocrx_word' id='word_1_407' title='bbox 515 2249 561 2293; x_wconf 81' lang='grc' dir='ltr'>ἐν</span> <span class='ocrx_word' id='word_1_408' title='bbox 586 2250 832 2309; x_wconf 76' lang='grc' dir='ltr'><strong><em>Σαμαρείᾳ.</em></strong></span> <span class='ocrx_word' id='word_1_409' title='bbox 891 2251 971 2294; x_wconf 90' lang='lat' dir='ltr'>Cui</span> <span class='ocrx_word' id='word_1_410' title='bbox 1000 2238 1306 2293; x_wconf 67' lang='lat' dir='ltr'>structurae</span> <span class='ocrx_word' id='word_1_411' title='bbox 1334 2251 1520 2307; x_wconf 73' lang='lat' dir='ltr'>generi</span> <span class='ocrx_word' id='word_1_412' title='bbox 1550 2251 1647 2308; x_wconf 84' lang='lat' dir='ltr'>quin</span> <span class='ocrx_word' id='word_1_413' title='bbox 1678 2250 1803 2292; x_wconf 85' lang='lat' dir='ltr'>etiam</span> <span class='ocrx_word' id='word_1_414' title='bbox 1831 2247 2060 2304; x_wconf 79' lang='grc' dir='ltr'><strong><em>μεσόδμνν</em></strong></span> <span class='ocrx_word' id='word_1_415' title='bbox 2088 2250 2176 2292; x_wconf 85' lang='lat' dir='ltr'>sive</span> <span class='ocrx_word' id='word_1_416' title='bbox 2205 2241 2466 2305; x_wconf 64' lang='grc' dir='ltr'><strong><em>κρεμάθραν</em></strong></span> <span class='ocrx_word' id='word_1_417' title='bbox 2494 2251 2643 2305; x_wconf 79' lang='lat' dir='ltr'>(supra</span> 
     </span>
     <span class='ocr_line' id='line_1_31' title="bbox 256 2319 2643 2382; baseline -0.001 -17"><span class='ocrx_word' id='word_1_418' title='bbox 256 2338 298 2382; x_wconf 90' lang='lat' dir='ltr'>p.</span> <span class='ocrx_word' id='word_1_419' title='bbox 317 2327 385 2375; x_wconf 83' lang='lat'>40,</span> <span class='ocrx_word' id='word_1_420' title='bbox 411 2338 450 2366; x_wconf 79' lang='lat' dir='ltr'>V.</span> <span class='ocrx_word' id='word_1_421' title='bbox 476 2326 545 2378; x_wconf 84' lang='lat'>12)</span> <span class='ocrx_word' id='word_1_422' title='bbox 563 2322 729 2382; x_wconf 73' lang='grc' dir='ltr'><strong><em>ταῤῥοῦ</em></strong></span> <span class='ocrx_word' id='word_1_423' title='bbox 757 2323 922 2366; x_wconf 85' lang='lat' dir='ltr'>nomine</span> <span class='ocrx_word' id='word_1_424' title='bbox 951 2323 1200 2381; x_wconf 82' lang='lat' dir='ltr'>appellatam</span> <span class='ocrx_word' id='word_1_425' title='bbox 1223 2332 1264 2364; x_wconf 90' lang='lat' dir='ltr'>et</span> <span class='ocrx_word' id='word_1_426' title='bbox 1286 2326 1345 2380; x_wconf 88' lang='lat' dir='ltr'>(p.</span> <span class='ocrx_word' id='word_1_427' title='bbox 1364 2326 1430 2378; x_wconf 89' lang='lat'>38,</span> <span class='ocrx_word' id='word_1_428' title='bbox 1452 2325 1474 2364; x_wconf 87' lang='lat'><strong>7</strong></span> <span class='ocrx_word' id='word_1_429' title='bbox 1496 2325 1604 2379; x_wconf 88' lang='lat' dir='ltr'>sqq.)</span> <span class='ocrx_word' id='word_1_430' title='bbox 1623 2337 1791 2379; x_wconf 79' lang='grc' dir='ltr'><strong><em>κρυπτῃ</em></strong></span> <span class='ocrx_word' id='word_1_431' title='bbox 1819 2324 2040 2379; x_wconf 66' lang='grc' dir='ltr'><strong><em>φραγμοῖς</em></strong></span> <span class='ocrx_word' id='word_1_432' title='bbox 2065 2336 2138 2364; x_wconf 85' lang='grc' dir='ltr'><strong><em>και</em></strong></span> <span class='ocrx_word' id='word_1_433' title='bbox 2170 2320 2326 2377; x_wconf 70' lang='grc' dir='ltr'><strong><em>θυρίσι</em></strong></span> <span class='ocrx_word' id='word_1_434' title='bbox 2354 2319 2643 2379; x_wconf 66' lang='grc' dir='ltr'><strong><em>περιεχομενη</em></strong></span> 
     </span>
     <span class='ocr_line' id='line_1_32' title="bbox 256 2392 2642 2452; baseline -0.001 -14"><span class='ocrx_word' id='word_1_435' title='bbox 256 2404 539 2452; x_wconf 80' lang='lat' dir='ltr'>comparatam</span> <span class='ocrx_word' id='word_1_436' title='bbox 560 2397 844 2452; x_wconf 85' lang='lat' dir='ltr'>subjiciamus,</span> <span class='ocrx_word' id='word_1_437' title='bbox 874 2395 973 2437; x_wconf 84' lang='lat' dir='ltr'>nihil</span> <span class='ocrx_word' id='word_1_438' title='bbox 994 2394 1177 2451; x_wconf 87' lang='lat' dir='ltr'>impedit.</span> <span class='ocrx_word' id='word_1_439' title='bbox 1222 2394 1294 2437; x_wconf 90' lang='lat' dir='ltr'>Sin</span> <span class='ocrx_word' id='word_1_440' title='bbox 1325 2405 1463 2437; x_wconf 86' lang='lat' dir='ltr'>autem</span> <span class='ocrx_word' id='word_1_441' title='bbox 1495 2397 1672 2436; x_wconf 82' lang='lat' dir='ltr'>cratium</span> <span class='ocrx_word' id='word_1_442' title='bbox 1705 2410 1859 2436; x_wconf 83' lang='lat' dir='ltr'>nomen</span> <span class='ocrx_word' id='word_1_443' title='bbox 1890 2395 1942 2435; x_wconf 89' lang='lat' dir='ltr'>ad</span> <span class='ocrx_word' id='word_1_444' title='bbox 1969 2394 2064 2435; x_wconf 84' lang='lat' dir='ltr'>leve</span> <span class='ocrx_word' id='word_1_445' title='bbox 2095 2392 2271 2435; x_wconf 83' lang='lat' dir='ltr'>aedificii</span> <span class='ocrx_word' id='word_1_446' title='bbox 2300 2409 2435 2447; x_wconf 82' lang='lat' dir='ltr'>genus</span> <span class='ocrx_word' id='word_1_447' title='bbox 2464 2403 2642 2450; x_wconf 87' lang='lat' dir='ltr'>propter</span> 
     </span>
     <span class='ocr_line' id='line_1_33' title="bbox 257 2464 2638 2523; baseline -0.002 -14"><span class='ocrx_word' id='word_1_448' title='bbox 257 2480 502 2523; x_wconf 83' lang='lat' dir='ltr'>compagem</span> <span class='ocrx_word' id='word_1_449' title='bbox 546 2467 864 2510; x_wconf 82' lang='lat' dir='ltr'>arrectariorum</span> <span class='ocrx_word' id='word_1_450' title='bbox 908 2474 950 2509; x_wconf 85' lang='lat' dir='ltr'>et</span> <span class='ocrx_word' id='word_1_451' title='bbox 989 2464 1385 2507; x_wconf 80' lang='lat' dir='ltr'>transversariorum</span> <span class='ocrx_word' id='word_1_452' title='bbox 1427 2466 1675 2507; x_wconf 85' lang='lat' dir='ltr'>translatum</span> <span class='ocrx_word' id='word_1_453' title='bbox 1718 2464 1875 2517; x_wconf 84' lang='lat' dir='ltr'>males,</span> <span class='ocrx_word' id='word_1_454' title='bbox 1924 2480 2053 2506; x_wconf 87' lang='lat' dir='ltr'>causa</span> <span class='ocrx_word' id='word_1_455' title='bbox 2097 2464 2336 2520; x_wconf 86' lang='lat' dir='ltr'>appellandi</span> <span class='ocrx_word' id='word_1_456' title='bbox 2377 2465 2519 2505; x_wconf 87' lang='lat' dir='ltr'>similis</span> <span class='ocrx_word' id='word_1_457' title='bbox 2559 2464 2638 2506; x_wconf 85' lang='lat' dir='ltr'>fuit</span> 
     </span>
     <span class='ocr_line' id='line_1_34' title="bbox 255 2534 2637 2594; baseline -0.002 -15"><span class='ocrx_word' id='word_1_458' title='bbox 255 2544 384 2594; x_wconf 79' lang='lat' dir='ltr'>atque</span> <span class='ocrx_word' id='word_1_459' title='bbox 425 2537 468 2579; x_wconf 88' lang='lat' dir='ltr'>in</span> <span class='ocrx_word' id='word_1_460' title='bbox 511 2545 657 2580; x_wconf 87' lang='lat' dir='ltr'>nostro</span> <span class='ocrx_word' id='word_1_461' title='bbox 700 2536 855 2579; x_wconf 67' lang='lat' dir='ltr'>„Stock</span> <span class='ocrx_word' id='word_1_462' title='bbox 882 2537 969 2578; x_wconf 87' lang='lat' dir='ltr'>sive</span> <span class='ocrx_word' id='word_1_463' title='bbox 997 2535 1294 2586; x_wconf 72' lang='lat' dir='ltr'>Seockwerk«,</span> <span class='ocrx_word' id='word_1_464' title='bbox 1342 2535 1456 2592; x_wconf 86' lang='lat' dir='ltr'>quod</span> <span class='ocrx_word' id='word_1_465' title='bbox 1505 2535 1672 2591; x_wconf 83' lang='lat' dir='ltr'>proprie</span> <span class='ocrx_word' id='word_1_466' title='bbox 1719 2535 1976 2591; x_wconf 82' lang='lat' dir='ltr'>superiorem</span> <span class='ocrx_word' id='word_1_467' title='bbox 2027 2534 2382 2587; x_wconf 68' lang='lat' dir='ltr'>contignationem</span> <span class='ocrx_word' id='word_1_468' title='bbox 2430 2534 2637 2576; x_wconf 87' lang='lat' dir='ltr'>indicasse</span> 
     </span>
     <span class='ocr_line' id='line_1_35' title="bbox 256 2604 2636 2667; baseline -0 -18"><span class='ocrx_word' id='word_1_469' title='bbox 256 2609 498 2665; x_wconf 82' lang='lat' dir='ltr'>suspicatur</span> <span class='ocrx_word' id='word_1_470' title='bbox 515 2610 705 2667; x_wconf 76' lang='lat' dir='ltr'>Adelanq</span> <span class='ocrx_word' id='word_1_471' title='bbox 731 2610 757 2651; x_wconf 82' lang='lat' dir='ltr'>l.</span> <span class='ocrx_word' id='word_1_472' title='bbox 772 2609 799 2651; x_wconf 83' lang='lat' dir='ltr'>l.</span> <span class='ocrx_word' id='word_1_473' title='bbox 813 2625 859 2665; x_wconf 86' lang='lat' dir='ltr'>p.</span> <span class='ocrx_word' id='word_1_474' title='bbox 880 2609 965 2649; x_wconf 89' lang='grc'>770</span> <span class='ocrx_word' id='word_1_475' title='bbox 991 2624 1006 2649; x_wconf 87' lang='grc'>.·</span> <span class='ocrx_word' id='word_1_476' title='bbox 1046 2609 1141 2663; x_wconf 79' lang='lat' dir='ltr'>„der</span> <span class='ocrx_word' id='word_1_477' title='bbox 1170 2606 1482 2664; x_wconf 70' lang='lat' dir='ltr'>Seammbeqn‘ff</span> <span class='ocrx_word' id='word_1_478' title='bbox 1499 2611 1551 2649; x_wconf 81' lang='lat' dir='ltr'>ist</span> <span class='ocrx_word' id='word_1_479' title='bbox 1578 2609 1622 2650; x_wconf 73' lang='lat' dir='ltr'>in</span> <span class='ocrx_word' id='word_1_480' title='bbox 1650 2608 1786 2649; x_wconf 73' lang='lat' dir='ltr'>dieser</span> <span class='ocrx_word' id='word_1_481' title='bbox 1813 2606 2057 2661; x_wconf 74' lang='lat' dir='ltr'>Bedeutuny</span> <span class='ocrx_word' id='word_1_482' title='bbox 2083 2608 2179 2648; x_wconf 78' lang='lat' dir='ltr'>noch</span> <span class='ocrx_word' id='word_1_483' title='bbox 2209 2606 2275 2648; x_wconf 74' lang='grc' dir='ltr'>εἰη</span> <span class='ocrx_word' id='word_1_484' title='bbox 2302 2608 2429 2661; x_wconf 57' lang='lat' dir='ltr'>enemy</span> <span class='ocrx_word' id='word_1_485' title='bbox 2458 2604 2636 2656; x_wconf 81' lang='lat' dir='ltr'>dunkel;</span> 
     </span>
     <span class='ocr_line' id='line_1_36' title="bbox 252 2675 2634 2736; baseline -0.002 -14"><span class='ocrx_word' id='word_1_486' title='bbox 252 2682 437 2727; x_wconf 65' lang='lat' dir='ltr'>inderem</span> <span class='ocrx_word' id='word_1_487' title='bbox 465 2681 632 2732; x_wconf 77' lang='lat' dir='ltr'>acheint,</span> <span class='ocrx_word' id='word_1_488' title='bbox 671 2697 717 2724; x_wconf 80' lang='lat' dir='ltr'>so</span> <span class='ocrx_word' id='word_1_489' title='bbox 744 2682 822 2723; x_wconf 76' lang='lat' dir='ltr'>wie</span> <span class='ocrx_word' id='word_1_490' title='bbox 848 2682 896 2723; x_wconf 71' lang='lat' dir='ltr'>in</span> <span class='ocrx_word' id='word_1_491' title='bbox 925 2679 1071 2735; x_wconf 76' lang='lat' dir='ltr'>Schosa</span> <span class='ocrx_word' id='word_1_492' title='bbox 1099 2681 1194 2721; x_wconf 82' lang='lat' dir='ltr'>oder</span> <span class='ocrx_word' id='word_1_493' title='bbox 1222 2677 1444 2735; x_wconf 50' lang='lat' dir='ltr'>Gesclugss,</span> <span class='ocrx_word' id='word_1_494' title='bbox 1474 2678 1551 2722; x_wconf 83' lang='lat' dir='ltr'>der</span> <span class='ocrx_word' id='word_1_495' title='bbox 1588 2679 1772 2736; x_wconf 61' lang='lat' dir='ltr'>Beyrg&#39;ff</span> <span class='ocrx_word' id='word_1_496' title='bbox 1801 2677 1877 2721; x_wconf 83' lang='lat' dir='ltr'>der</span> <span class='ocrx_word' id='word_1_497' title='bbox 1913 2677 2033 2721; x_wconf 76' lang='grc' dir='ltr'><strong><em>ΗόΙιο</em></strong></span> <span class='ocrx_word' id='word_1_498' title='bbox 2063 2677 2140 2720; x_wconf 85' lang='lat' dir='ltr'>der</span> <span class='ocrx_word' id='word_1_499' title='bbox 2165 2675 2431 2719; x_wconf 70' lang='lat' dir='ltr'>hmsckende</span> <span class='ocrx_word' id='word_1_500' title='bbox 2457 2691 2508 2719; x_wconf 79' lang='lat' dir='ltr'>zu</span> <span class='ocrx_word' id='word_1_501' title='bbox 2535 2679 2634 2730; x_wconf 75' lang='lat' dir='ltr'>sein,</span> 
     </span>
     <span class='ocr_line' id='line_1_37' title="bbox 253 2745 2636 2811; baseline -0.001 -18"><span class='ocrx_word' id='word_1_502' title='bbox 253 2751 429 2808; x_wconf 74' lang='lat' dir='ltr'>obqleich</span> <span class='ocrx_word' id='word_1_503' title='bbox 456 2752 561 2795; x_wconf 78' lang='lat' dir='ltr'>auch</span> <span class='ocrx_word' id='word_1_504' title='bbox 589 2752 665 2795; x_wconf 84' lang='lat' dir='ltr'>der</span> <span class='ocrx_word' id='word_1_505' title='bbox 690 2754 833 2811; x_wconf 73' lang='lat' dir='ltr'>vort&#39;ye</span> <span class='ocrx_word' id='word_1_506' title='bbox 859 2752 1038 2809; x_wconf 61' lang='lat' dir='ltr'>Beyrg’ff</span> <span class='ocrx_word' id='word_1_507' title='bbox 1057 2750 1131 2794; x_wconf 85' lang='lat' dir='ltr'>der</span> <span class='ocrx_word' id='word_1_508' title='bbox 1159 2750 1319 2802; x_wconf 56' lang='lat' dir='ltr'>Massa»,</span> <span class='ocrx_word' id='word_1_509' title='bbox 1345 2752 1417 2793; x_wconf 80' lang='lat' dir='ltr'>des</span> <span class='ocrx_word' id='word_1_510' title='bbox 1444 2749 1669 2809; x_wconf 74' lang='lat' dir='ltr'>Inbeqreffs</span> <span class='ocrx_word' id='word_1_511' title='bbox 1696 2749 1905 2793; x_wconf 74' lang='lat' dir='ltr'>melererer</span> <span class='ocrx_word' id='word_1_512' title='bbox 1932 2748 2075 2808; x_wconf 73' lang='lat' dir='ltr'>Dinye</span> <span class='ocrx_word' id='word_1_513' title='bbox 2104 2751 2211 2791; x_wconf 80' lang='lat' dir='ltr'>einer</span> <span class='ocrx_word' id='word_1_514' title='bbox 2237 2747 2330 2797; x_wconf 79' lang='lat' dir='ltr'>Art,</span> <span class='ocrx_word' id='word_1_515' title='bbox 2358 2746 2434 2789; x_wconf 80' lang='lat' dir='ltr'>der</span> <span class='ocrx_word' id='word_1_516' title='bbox 2463 2745 2636 2791; x_wconf 72' lang='lat' dir='ltr'>Scamm-</span> 
     </span>
     <span class='ocr_line' id='line_1_38' title="bbox 254 2813 2637 2880; baseline -0.001 -15"><span class='ocrx_word' id='word_1_517' title='bbox 254 2822 417 2880; x_wconf 77' lang='lat' dir='ltr'>beqrt&#39;ff</span> <span class='ocrx_word' id='word_1_518' title='bbox 442 2824 529 2866; x_wconf 73' lang='lat' dir='ltr'>sein</span> <span class='ocrx_word' id='word_1_519' title='bbox 563 2824 738 2874; x_wconf 82' lang='lat' dir='ltr'>kann“;</span> <span class='ocrx_word' id='word_1_520' title='bbox 763 2842 805 2880; x_wconf 77' lang='lat' dir='ltr'>p,</span> <span class='ocrx_word' id='word_1_521' title='bbox 839 2826 922 2866; x_wconf 84' lang='lat'>775</span> <span class='ocrx_word' id='word_1_522' title='bbox 950 2824 991 2866; x_wconf 90' lang='lat' dir='ltr'>in</span> <span class='ocrx_word' id='word_1_523' title='bbox 1016 2838 1054 2865; x_wconf 76' lang='lat' dir='ltr'>v,</span> <span class='ocrx_word' id='word_1_524' title='bbox 1081 2821 1310 2864; x_wconf 76' lang='lat' dir='ltr'>Slockwerk</span> <span class='ocrx_word' id='word_1_525' title='bbox 1336 2838 1351 2864; x_wconf 79' lang='lat'>.-</span> <span class='ocrx_word' id='word_1_526' title='bbox 1378 2821 1640 2877; x_wconf 80' lang='lat' dir='ltr'>„Slockwerk</span> <span class='ocrx_word' id='word_1_527' title='bbox 1680 2820 1793 2865; x_wconf 80' lang='lat' dir='ltr'>kann</span> <span class='ocrx_word' id='word_1_528' title='bbox 1833 2820 1919 2864; x_wconf 80' lang='lat' dir='ltr'>hier</span> <span class='ocrx_word' id='word_1_529' title='bbox 1953 2837 1997 2863; x_wconf 78' lang='lat' dir='ltr'>so</span> <span class='ocrx_word' id='word_1_530' title='bbox 2033 2820 2108 2863; x_wconf 76' lang='lat' dir='ltr'>wie</span> <span class='ocrx_word' id='word_1_531' title='bbox 2135 2818 2215 2861; x_wconf 75' lang='lat' dir='ltr'>das</span> <span class='ocrx_word' id='word_1_532' title='bbox 2245 2817 2414 2861; x_wconf 78' lang='lat' dir='ltr'>Griech.</span> <span class='ocrx_word' id='word_1_533' title='bbox 2444 2813 2637 2869; x_wconf 81' lang='grc' dir='ltr'><strong><em>δόκωσις</em></strong></span> 
     </span>
     <span class='ocr_line' id='line_1_39' title="bbox 255 2886 2635 2953; baseline -0.001 -16"><span class='ocrx_word' id='word_1_534' title='bbox 255 2891 311 2950; x_wconf 91' lang='lat' dir='ltr'>[in</span> <span class='ocrx_word' id='word_1_535' title='bbox 344 2910 471 2951; x_wconf 90' lang='lat' dir='ltr'>quam</span> <span class='ocrx_word' id='word_1_536' title='bbox 501 2909 650 2939; x_wconf 85' lang='lat' dir='ltr'>vocem</span> <span class='ocrx_word' id='word_1_537' title='bbox 679 2912 807 2952; x_wconf 87' lang='lat' dir='ltr'>supra</span> <span class='ocrx_word' id='word_1_538' title='bbox 836 2913 876 2953; x_wconf 89' lang='lat' dir='ltr'>p.</span> <span class='ocrx_word' id='word_1_539' title='bbox 897 2899 962 2949; x_wconf 88' lang='lat'>30,</span> <span class='ocrx_word' id='word_1_540' title='bbox 991 2910 1087 2938; x_wconf 86' lang='lat' dir='ltr'>ann.</span> <span class='ocrx_word' id='word_1_541' title='bbox 1109 2894 1167 2949; x_wconf 82' lang='lat'>5.)</span> <span class='ocrx_word' id='word_1_542' title='bbox 1195 2893 1238 2937; x_wconf 89' lang='lat' dir='ltr'>in</span> <span class='ocrx_word' id='word_1_543' title='bbox 1267 2893 1576 2950; x_wconf 81' lang='lat' dir='ltr'>interpretanda</span> <span class='ocrx_word' id='word_1_544' title='bbox 1604 2886 1810 2952; x_wconf 80' lang='grc' dir='ltr'><strong><em>μεσόδμῃ</em></strong></span> <span class='ocrx_word' id='word_1_545' title='bbox 1838 2890 2078 2947; x_wconf 85' lang='lat' dir='ltr'>incidimus]</span> <span class='ocrx_word' id='word_1_546' title='bbox 2107 2905 2182 2932; x_wconf 85' lang='lat' dir='ltr'>von</span> <span class='ocrx_word' id='word_1_547' title='bbox 2210 2886 2337 2940; x_wconf 80' lang='grc' dir='ltr'><strong><em>δοκός</em></strong></span> <span class='ocrx_word' id='word_1_548' title='bbox 2363 2890 2430 2933; x_wconf 79' lang='lat' dir='ltr'>ein</span> <span class='ocrx_word' id='word_1_549' title='bbox 2458 2889 2635 2941; x_wconf 76' lang='lat' dir='ltr'>Balloen,</span> 
     </span>
     <span class='ocr_line' id='line_1_40' title="bbox 253 2960 2636 3024; baseline -0.002 -15"><span class='ocrx_word' id='word_1_550' title='bbox 253 2967 346 3010; x_wconf 75' lang='lat' dir='ltr'>eine</span> <span class='ocrx_word' id='word_1_551' title='bbox 384 2966 647 3024; x_wconf 68' lang='lat' dir='ltr'>Verbinduny</span> <span class='ocrx_word' id='word_1_552' title='bbox 682 2968 888 3012; x_wconf 79' lang='lat' dir='ltr'>mehrerer</span> <span class='ocrx_word' id='word_1_553' title='bbox 926 2966 1072 3011; x_wconf 64' lang='lat' dir='ltr'>Seacke</span> <span class='ocrx_word' id='word_1_554' title='bbox 1105 2968 1145 3010; x_wconf 81' lang='lat' dir='ltr'>d.</span> <span class='ocrx_word' id='word_1_555' title='bbox 1183 2967 1214 3009; x_wconf 75' lang='lat' dir='ltr'>i.</span> <span class='ocrx_word' id='word_1_556' title='bbox 1254 2963 1411 3009; x_wconf 68' lang='lat' dir='ltr'>Saulen</span> <span class='ocrx_word' id='word_1_557' title='bbox 1448 2964 1535 3008; x_wconf 76' lang='lat' dir='ltr'>und</span> <span class='ocrx_word' id='word_1_558' title='bbox 1565 2965 1730 3009; x_wconf 79' lang='lat' dir='ltr'>Balken</span> <span class='ocrx_word' id='word_1_559' title='bbox 1766 2962 2029 3008; x_wconf 59' lang='lat' dir='ltr'>bezeichneffl.</span> <span class='ocrx_word' id='word_1_560' title='bbox 2085 2960 2212 3004; x_wconf 89' lang='lat' dir='ltr'>Hanc</span> <span class='ocrx_word' id='word_1_561' title='bbox 2254 2976 2355 3004; x_wconf 85' lang='lat' dir='ltr'>vero</span> <span class='ocrx_word' id='word_1_562' title='bbox 2399 2962 2636 3018; x_wconf 78' lang='lat' dir='ltr'>Adelungii</span> 
     </span>
     <span class='ocr_line' id='line_1_41' title="bbox 253 3031 2633 3094; baseline -0.001 -14"><span class='ocrx_word' id='word_1_563' title='bbox 253 3040 502 3082; x_wconf 87' lang='lat' dir='ltr'>sententiam</span> <span class='ocrx_word' id='word_1_564' title='bbox 542 3039 675 3081; x_wconf 91' lang='lat' dir='ltr'>multo</span> <span class='ocrx_word' id='word_1_565' title='bbox 720 3041 806 3083; x_wconf 79' lang='lat' dir='ltr'>veri</span> <span class='ocrx_word' id='word_1_566' title='bbox 845 3039 1080 3083; x_wconf 88' lang='lat' dir='ltr'>similiorem</span> <span class='ocrx_word' id='word_1_567' title='bbox 1123 3038 1287 3089; x_wconf 89' lang='lat' dir='ltr'>reddit,</span> <span class='ocrx_word' id='word_1_568' title='bbox 1335 3038 1449 3094; x_wconf 89' lang='lat' dir='ltr'>quod</span> <span class='ocrx_word' id='word_1_569' title='bbox 1495 3037 1741 3081; x_wconf 78' lang='lat' dir='ltr'>Sclimeller.</span> <span class='ocrx_word' id='word_1_570' title='bbox 1788 3037 1911 3079; x_wconf 85' lang='lat' dir='ltr'>lexic.</span> <span class='ocrx_word' id='word_1_571' title='bbox 1957 3033 2123 3076; x_wconf 85' lang='lat' dir='ltr'>dialecti</span> <span class='ocrx_word' id='word_1_572' title='bbox 2171 3031 2404 3077; x_wconf 81' lang='lat' dir='ltr'>Bavaricae</span> <span class='ocrx_word' id='word_1_573' title='bbox 2451 3042 2633 3077; x_wconf 87' lang='lat' dir='ltr'>testatur</span> 
     </span>
     <span class='ocr_line' id='line_1_42' title="bbox 255 3104 2631 3169; baseline -0.001 -18"><span class='ocrx_word' id='word_1_574' title='bbox 255 3109 465 3152; x_wconf 75' lang='lat' dir='ltr'>»stockh«</span> <span class='ocrx_word' id='word_1_575' title='bbox 497 3111 538 3153; x_wconf 88' lang='lat' dir='ltr'>in</span> <span class='ocrx_word' id='word_1_576' title='bbox 569 3111 732 3155; x_wconf 88' lang='lat' dir='ltr'>horreis</span> <span class='ocrx_word' id='word_1_577' title='bbox 760 3112 842 3154; x_wconf 89' lang='lat' dir='ltr'>dici</span> <span class='ocrx_word' id='word_1_578' title='bbox 871 3112 1129 3169; x_wconf 86' lang='lat' dir='ltr'>superiorem</span> <span class='ocrx_word' id='word_1_579' title='bbox 1159 3113 1370 3167; x_wconf 88' lang='lat' dir='ltr'>quandam</span> <span class='ocrx_word' id='word_1_580' title='bbox 1400 3106 1753 3163; x_wconf 65' lang='lat' dir='ltr'>contignationem</span> <span class='ocrx_word' id='word_1_581' title='bbox 1782 3116 1953 3163; x_wconf 86' lang='lat' dir='ltr'>propter</span> <span class='ocrx_word' id='word_1_582' title='bbox 1991 3120 2133 3148; x_wconf 83' lang='lat' dir='ltr'>aream</span> <span class='ocrx_word' id='word_1_583' title='bbox 2171 3104 2226 3148; x_wconf 87' lang='lat' dir='ltr'>ad</span> <span class='ocrx_word' id='word_1_584' title='bbox 2261 3113 2512 3157; x_wconf 84' lang='lat' dir='ltr'>stramenta,</span> <span class='ocrx_word' id='word_1_585' title='bbox 2550 3105 2631 3149; x_wconf 85' lang='lat' dir='ltr'>alia</span> 
     </span>
     <span class='ocr_line' id='line_1_43' title="bbox 249 3175 2629 3234; baseline -0.001 -14"><span class='ocrx_word' id='word_1_586' title='bbox 249 3177 292 3221; x_wconf 90' lang='lat' dir='ltr'>id</span> <span class='ocrx_word' id='word_1_587' title='bbox 331 3195 467 3234; x_wconf 82' lang='lat' dir='ltr'>genus</span> <span class='ocrx_word' id='word_1_588' title='bbox 504 3183 795 3226; x_wconf 84' lang='lat' dir='ltr'>conservanda</span> <span class='ocrx_word' id='word_1_589' title='bbox 836 3185 957 3227; x_wconf 71' lang='lat' dir='ltr'>”eim</span> <span class='ocrx_word' id='word_1_590' title='bbox 989 3182 1159 3233; x_wconf 66' lang='lat' dir='ltr'>Bimae,</span> <span class='ocrx_word' id='word_1_591' title='bbox 1202 3182 1388 3225; x_wconf 75' lang='lat' dir='ltr'>erhiihter</span> <span class='ocrx_word' id='word_1_592' title='bbox 1413 3180 1551 3224; x_wconf 82' lang='lat' dir='ltr'>Raum</span> <span class='ocrx_word' id='word_1_593' title='bbox 1588 3181 1633 3224; x_wconf 73' lang='lat' dir='ltr'>in</span> <span class='ocrx_word' id='word_1_594' title='bbox 1669 3181 1741 3222; x_wconf 86' lang='lat' dir='ltr'>der</span> <span class='ocrx_word' id='word_1_595' title='bbox 1766 3177 1948 3220; x_wconf 76' lang='lat' dir='ltr'>Scheune</span> <span class='ocrx_word' id='word_1_596' title='bbox 1975 3178 2100 3220; x_wconf 80' lang='lat' dir='ltr'>neben</span> <span class='ocrx_word' id='word_1_597' title='bbox 2127 3178 2199 3219; x_wconf 85' lang='lat' dir='ltr'>der</span> <span class='ocrx_word' id='word_1_598' title='bbox 2232 3176 2370 3220; x_wconf 80' lang='lat' dir='ltr'>Tenue</span> <span class='ocrx_word' id='word_1_599' title='bbox 2396 3176 2482 3233; x_wconf 71' lang='lat' dir='ltr'>fiir</span> <span class='ocrx_word' id='word_1_600' title='bbox 2510 3175 2629 3219; x_wconf 74' lang='lat' dir='ltr'>Str-oh</span> 
     </span>
     <span class='ocr_line' id='line_1_44' title="bbox 249 3248 2628 3309; baseline -0.002 -16"><span class='ocrx_word' id='word_1_601' title='bbox 249 3264 290 3293; x_wconf 76' lang='lat' dir='ltr'>u.</span> <span class='ocrx_word' id='word_1_602' title='bbox 319 3249 431 3309; x_wconf 59' lang='lat' dir='ltr'>ayla</span> <span class='ocrx_word' id='word_1_603' title='bbox 463 3252 518 3295; x_wconf 84' lang='lat' dir='ltr'>cf.</span> <span class='ocrx_word' id='word_1_604' title='bbox 546 3253 708 3297; x_wconf 83' lang='lat' dir='ltr'>Pallad.</span> <span class='ocrx_word' id='word_1_605' title='bbox 739 3254 791 3298; x_wconf 91' lang='lat' dir='ltr'>de</span> <span class='ocrx_word' id='word_1_606' title='bbox 819 3269 865 3298; x_wconf 91' lang='lat' dir='ltr'>re</span> <span class='ocrx_word' id='word_1_607' title='bbox 892 3262 997 3299; x_wconf 90' lang='lat' dir='ltr'>rust.</span> <span class='ocrx_word' id='word_1_608' title='bbox 1031 3258 1064 3305; x_wconf 94' lang='grc'>1,</span> <span class='ocrx_word' id='word_1_609' title='bbox 1098 3256 1146 3297; x_wconf 90' lang='grc'>19</span> <span class='ocrx_word' id='word_1_610' title='bbox 1178 3270 1189 3296; x_wconf 89' lang='lat'>:</span> <span class='ocrx_word' id='word_1_611' title='bbox 1219 3254 1302 3296; x_wconf 75' lang='lat' dir='ltr'>„Et</span> <span class='ocrx_word' id='word_1_612' title='bbox 1329 3255 1363 3296; x_wconf 86' lang='lat' dir='ltr'>si</span> <span class='ocrx_word' id='word_1_613' title='bbox 1393 3262 1532 3295; x_wconf 87' lang='lat' dir='ltr'>terrae</span> <span class='ocrx_word' id='word_1_614' title='bbox 1559 3252 1776 3308; x_wconf 86' lang='lat' dir='ltr'>pauperies</span> <span class='ocrx_word' id='word_1_615' title='bbox 1805 3249 1968 3289; x_wconf 89' lang='lat' dir='ltr'>minora</span> <span class='ocrx_word' id='word_1_616' title='bbox 1997 3248 2226 3305; x_wconf 88' lang='lat' dir='ltr'>promittit,</span> <span class='ocrx_word' id='word_1_617' title='bbox 2270 3249 2336 3290; x_wconf 81' lang='lat' dir='ltr'>vel</span> <span class='ocrx_word' id='word_1_618' title='bbox 2376 3248 2628 3289; x_wconf 83' lang='lat' dir='ltr'>craticiis</span> 
     </span>
     <span class='ocr_line' id='line_1_45' title="bbox 249 3320 2632 3385; baseline 0 -23"><span class='ocrx_word' id='word_1_619' title='bbox 249 3321 430 3380; x_wconf 77' lang='lat' dir='ltr'>podiis</span> <span class='ocrx_word' id='word_1_620' title='bbox 471 3332 597 3366; x_wconf 88' lang='lat' dir='ltr'>erunt</span> <span class='ocrx_word' id='word_1_621' title='bbox 634 3325 911 3369; x_wconf 84' lang='lat' dir='ltr'>discernenda</span> <span class='ocrx_word' id='word_1_622' title='bbox 948 3325 1143 3385; x_wconf 84' lang='lat' dir='ltr'>granaria</span> <span class='ocrx_word' id='word_1_623' title='bbox 1181 3325 1248 3369; x_wconf 85' lang='lat' dir='ltr'>vel</span> <span class='ocrx_word' id='word_1_624' title='bbox 1290 3324 1477 3367; x_wconf 86' lang='lat' dir='ltr'>vimineis</span> <span class='ocrx_word' id='word_1_625' title='bbox 1510 3322 1690 3365; x_wconf 80' lang='lat' dir='ltr'>vasculis</span> <span class='ocrx_word' id='word_1_626' title='bbox 1731 3320 1892 3361; x_wconf 87' lang='lat' dir='ltr'>reditus</span> <span class='ocrx_word' id='word_1_627' title='bbox 1931 3328 2084 3361; x_wconf 87' lang='lat' dir='ltr'>tenues</span> <span class='ocrx_word' id='word_1_628' title='bbox 2126 3320 2408 3375; x_wconf 69' lang='lat' dir='ltr'>colligemus«</span> <span class='ocrx_word' id='word_1_629' title='bbox 2446 3327 2488 3360; x_wconf 87' lang='lat' dir='ltr'>et</span> <span class='ocrx_word' id='word_1_630' title='bbox 2517 3332 2632 3374; x_wconf 69' lang='lat' dir='ltr'>quac.</span> 
     </span>
    </p>
   </div>
  </div>
 </body>
</html>
