2955 3681
1445 140 1511 188 77

277 290 404 346 μυχῷ
430 291 544 343 oeci,
589 304 664 349 per
701 303 830 346 quem
870 288 1076 331 transitus
1112 287 1170 331 ad
1204 287 1427 331 mulierum
1468 287 1640 331 domum
1670 286 1808 330 fiebat.
1867 288 1982 343 Quin
2010 289 2134 333 etiam
2165 290 2280 348 apud
2308 290 2544 335 Homerum
2574 291 2671 336 lev·

279 362 492 417 quoddam
523 358 948 416 vestigium'thalami
978 368 1018 403 et
1048 358 1367 416 amphithalami
1395 358 1448 400 ab
1478 368 1658 416 utraque
1692 360 1833 413 μυχοῦ
1867 368 1987 418 parte
2015 362 2220 404 exstructi
2249 361 2568 417 deprehendere
2595 362 2672 406 tibi

278 433 485 476 videberis
526 434 569 475 in
608 430 789 473 Achillis
824 430 1096 472 tabernaculo
1127 429 1216 480 IX,
1246 431 1328 471 663
1358 444 1449 486 sqq.
1506 430 1698 473 Achilles
1741 431 1852 472 enim
1895 431 2023 474 cubat
2063 434 2192 489 μυχῷ
2231 432 2400 491 κλισίης
2440 426 2672 490 εὐπήκτου.

277 497 538 561 Πάτροκλος
565 504 624 561 (v.
654 503 754 557 666)
783 502 821 544 δ’.
850 499 1125 558 ἑτέρωθεν
1152 499 1334 555 ἐλέξατο
1364 517 1403 543 κ.
1430 516 1467 544 τ.
1499 501 1562 555 λ.,
1603 516 1735 559 quum
1774 503 2010 559 hospitibus
2047 505 2098 546 ab
2137 505 2288 548 eodem
2328 505 2503 550 Achille
2532 506 2671 550 lectus

278 585 492 619 sternatur
517 574 563 618 ἐν
589 565 810 632 προδόμῳ
842 569 986 627 δόμου
1011 573 1184 626 XXIV,
1214 576 1309 616 673.
1366 572 1505 616 Etiam
1543 574 1584 616 in
1623 575 1782 631 hymno
1821 574 1862 616 in
1903 574 2102 618 Cererem
2143 585 2323 634 possunt
2361 577 2532 621 thalami
2562 576 2670 621 'Me-

278 649 436 691 tanirae
472 648 614 691 matris
653 652 696 690 et
732 647 915 689 filiarum
953 645 1075 689 simili
1112 646 1240 688 modo
1277 659 1410 703 prope
1447 646 1589 688 focum
1619 655 1663 688 et
1688 641 1824 699 μυχόν
1851 645 1945 687 oeci
1975 647 2150 701 cogitari
2179 647 2253 690 sibi
2283 649 2477 705 oppositi.
2534 650 2668 693 Ceres

276 720 641 779 Demophoontem
679 717 877 762 infantem
917 734 955 761 v.
985 721 1066 762 239
1099 709 1303 768 »Νύκτας
1332 716 1422 773 (δὲ)
1452 711 1698 775 κρύπτεσκε
1726 711 1866 774 πυρός
1892 715 2030 770 μένει,
2070 711 2174 775 ἠύτε
2209 711 2376 762 δαλόν
2411 720 2484 774 (cf.
2513 721 2597 765 Od.
2627 725 2668 773 5,

276 793 393 849 488).
446 793 497 836 Id
535 792 693 835 factum
736 805 830 833 esse
866 791 909 833 in
947 783 1117 848 ἐσχάρᾳ
1158 797 1361 847 putamus
1400 790 1495 833 coll.
1532 806 1570 832 v.
1600 793 1680 833 287
1720 799 1763 833 et
1798 790 1925 833 ovid.
1964 789 2101 845 (Fast.
2131 789 2240 847 IV),
2279 792 2351 848 qui
2390 806 2430 834 v.
2458 795 2539 835 553
2574 809 2667 850 sqq.

276 865 329 908 de
367 864 515 908 eadem
545 877 591 907 re
617 862 676 905 ita
707 878 718 905 ε
760 861 932 919 „Inque
960 862 1058 905 foco
1088 862 1210 919 pueri
1239 876 1395 922 corpus
1422 862 1586 905 vivente
1611 862 1754 905 favilla
1783 861 1958 911 Obruit,
2002 863 2233 905 humanum
2273 872 2430 919 purget
2471 873 2520 906 ut
2560 866 2666 920 ignis

274 950 397 978 onus.
472 933 697 976 Excutitur
742 947 891 975 somno
943 934 1073 976 stulte
1123 932 1194 989 pia
1240 939 1398 983 mater,
1446 939 1489 975 et
1538 948 1708 983 amens,
1755 932 1872 985 Quid
1918 932 2054 975 facis?
2101 934 2312 976 exclamat
2358 934 2479 976 etc.“
2563 935 2667 978 Oeci

272 1007 459 1050 virorum
497 1005 662 1057 focum,
706 1019 789 1047 non
830 1004 980 1049 domus
1018 1004 1246 1049 mulierum
1275 1003 1551 1061 intelligimus
1580 1004 1728 1048 iisdem
1760 1005 1812 1049 de
1842 1005 1984 1048 causis
2015 1014 2141 1061 atque
2171 1021 2299 1062 supra
2329 1006 2392 1057 11,
2422 1022 2462 1062 p.
2489 1009 2541 1049 26
2572 1016 2667 1063 post

273 1078 384 1121 med.
452 1078 596 1131 Quum
641 1084 782 1119 autem
827 1077 970 1132 hymni
1014 1077 1195 1134 scriptor
1236 1074 1350 1119 dicat
1377 1075 1629 1120 Metaniram
1671 1077 1729 1131 (ν.
1759 1080 1838 1120 244
1874 1068 2081 1126 θυώδεος
2121 1073 2170 1120 ἐκ
2211 1070 2458 1130 θαλάμοιο)
2501 1078 2668 1122 Cereris

274 1150 491 1206 inceptum
522 1149 781 1199 observasse,
810 1147 1021 1190 thalamus
1049 1147 1196 1190 matris
1226 1160 1359 1205 prope
1387 1147 1532 1190 focum
1559 1146 1688 1190 fuerit
1715 1162 1888 1192 necesse
1917 1155 1994 1191 est.
2055 1147 2254 1204 Eumque
2280 1148 2509 1191 thalamum
2538 1148 2667 1193 fuisse

277 1221 522 1262 cubiculum
551 1219 740 1276 nuptiale
770 1227 886 1262 certo
916 1219 1087 1275 quidem
1118 1219 1394 1261 demonstrari
1425 1234 1508 1267 non
1539 1227 1693 1276 potest,
1723 1220 1795 1261 sed
1827 1221 1915 1262 veri
1943 1218 2142 1262 dissimile
2172 1234 2257 1261 non
2288 1227 2363 1263 est.
2419 1220 2528 1262 Nam
2557 1235 2668 1277 quae

275 1292 456 1334 Vossius
482 1293 535 1334 ad
558 1308 597 1334 v.
620 1294 699 1333 293
717 1307 806 1347 sqq.
837 1284 957 1342 »ἅμα
976 1290 1014 1333 δ’
1033 1284 1128 1333 Ἠοῖ
1146 1291 1438 1346 φαινομένηφι
1460 1293 1499 1332 E
1504 1285 1662 1348 ‹30:791'37
1687 1289 1839 1346 Κελεῷ
1853 1290 2062 1348 νημερτέα
2083 1284 2358 1348 μυθήσαντο,
2382 1287 2668 1340 Ὡςέπέτελλε

273 1358 389 1406 θεά-ι
417 1360 588 1407 annotat
613 1378 623 1406 ε
655 1361 850 1419 „Sclaelt'ef
867 1362 1017 1406 Keleos
1046 1362 1187 1413 allez‘n,
1210 1379 1338 1420 yeyen
1367 1364 1446 1406 den
1472 1362 1697 1406 Gelu-auch
1725 1362 1801 1405 der
1820 1362 1945 1406 Zez't?
1985 1363 2094 1405 Oder
2110 1367 2216 1407 hatte
2235 1365 2306 1405 der
2323 1366 2400 1406 alte
2419 1363 2531 1405 Herr
2550 1365 2667 1407 einen

273 1451 316 1479 so
347 1444 585 1493 qeseqneten
622 1433 796 1491 Schlaf,
839 1436 935 1490 das}
970 1434 1044 1478 ilm
1069 1435 1130 1478 all
1164 1436 1237 1477 der
1263 1435 1386 1478 Lerm
1413 1435 1524 1478 nicht
1551 1443 1788 1477 ermunterte
1803 1439 1823 1477 ?
1877 1437 2010 1489 Nez'n,
2050 1438 2121 1478 der
2151 1435 2251 1478 Siue
2276 1437 2438 1491 yemdss
2465 1436 2595 1478 hiitete
2623 1453 2669 1479 er

274 1509 361 1551 sein
387 1507 557 1550 Ehebett
595 1507 651 1549 im
694 1507 909 1565 ruhz’qsten
939 1505 1236 1558 Hauswinkel;
1276 1507 1377 1550 aber
1417 1506 1482 1549 die
1510 1506 1719 1565 Kb‘m'qin,
1760 1522 1829 1548 um
1865 1509 1950 1549 dem
1981 1507 2181 1550 Kt'ndlez'n
2210 1509 2310 1549 nahe
2337 1522 2386 1549 zu
2411 1508 2522 1558 sein,
2564 1509 2669 1550 hatte

274 1580 360 1621 sicli
388 1580 513 1621 neben
542 1578 633 1621 dem
660 1578 842 1620 Zimmer
869 1580 941 1620 der
980 1578 1184 1620 Wiirterin
1213 1579 1303 1619 eine
1332 1577 1664 1634 Schlafkammer
1687 1578 1895 1635 qemeikltu
1912 1609 1923 1628 ,
1954 1592 2004 1620 ea
2033 1593 2117 1620 non
2145 1578 2259 1621 omni
2288 1591 2343 1620 ex
2372 1586 2492 1634 parte
2521 1579 2668 1635 probo.

275 1649 472 1692 Concedo
494 1650 662 1706 quidem
689 1649 841 1691 'mirum
871 1666 978 1700 esse,
1008 1650 1123 1707 quod
1144 1650 1298 1692 Celeus
1327 1657 1446 1707 pater
1474 1665 1558 1690 non
1587 1651 1767 1691 statim
1798 1650 2123 1705 expergefaetus
2153 1658 2228 1702 est,
2258 1650 2511 1692 lamentante
2533 1665 2666 1693 uxore

273 1737 311 1764 v.
342 1723 444 1770 245,
483 1720 556 1763 sed
600 1736 697 1763 eum
736 1720 837 1763 nihil
876 1722 1064 1763 omnium
1109 1722 1290 1763 sensisse
1332 1735 1385 1763 ex
1414 1735 1451 1762 v.
1480 1723 1560 1761 294
1589 1730 1703 1762 certo
1731 1735 1815 1762 non
1845 1720 2041 1762 efficitur.
2100 1721 2237 1763 Deam
2266 1721 2441 1775 imperia
2468 1721 2667 1763 edentem

273 1806 358 1833 non
399 1791 608 1841 audierat,
654 1791 881 1835 abeuntem
912 1808 994 1835 non
1022 1791 1200 1835 viderat.
1256 1791 1446 1834 Puerum
1475 1792 1715 1848 vagientem
1745 1799 1886 1834 autem
1917 1791 2141 1834 mulierum
2173 1807 2301 1835 curae
2329 1792 2522 1848 reliquit,
2559 1807 2667 1850 quae

272 1862 456 1905 vicissim
487 1863 641 1915 Celeo,
680 1880 827 1907 somno
857 1865 948 1920 ejus
979 1873 1226 1922 parcentes,
1264 1864 1469 1906 miracula
1506 1878 1589 1905 non
1620 1864 1760 1905 statim
1794 1864 2103 1907 nuntiaverunt.
2162 1863 2309 1916 Quare
2340 1864 2442 1907 deae
2470 1864 2668 1907 mandata

273 1951 396 1978 mane
425 1936 597 1978 demum
628 1944 795 1979 ceterae
827 1937 955 1991 (filiae
984 1937 1094 1978 enim
1112 1968 1123 1987 ,
1162 1937 1262 1978 dum
1293 1936 1425 1979 Ceres
1455 1935 1583 1978 verba
1610 1935 1728 1984 facit,
1760 1945 2051 1986 accurrerant,
2081 1935 2135 1977 cf.
2165 1952 2205 1977 v.
2235 1939 2317 1978 294
2343 1928 2666 1991 μυθήσαντο)

273 2023 371 2050 cum
396 2022 447 2049 eo
476 2008 906 2050 communicaverunt.
951 2008 1103 2064 Neque
1133 2007 1167 2049 si
1196 2014 1427 2050 consuetus
1456 2007 1554 2048 lecti
1584 2006 1758 2063 genialis
1789 2022 1889 2048 usus
1912 2015 2002 2048 tum
2022 2007 2278 2050 omittendus
2299 2016 2402 2058 erat,
2433 2009 2666 2051 necessario

272 2078 369 2121 inde
413 2081 627 2134 sequitur,
670 2088 721 2121 ut
750 2080 905 2122 Celeus
935 2080 1124 2136 nuptiale
1153 2080 1421 2128 cubiculum,
1466 2079 1676 2120 Metanira
1705 2078 1819 2120 aliud
1847 2078 2091 2120 cubiculum
2122 2079 2418 2135 occupaverit,
2460 2094 2592 2135 quum
2623 2087 2667 2121 et

274 2151 544 2201 contrarium,
574 2159 621 2194 ut
650 2150 693 2193 in
724 2150 941 2207 Euphileti
971 2151 1168 2207 exemplo
1199 2151 1258 2204 (v.
1289 2153 1453 2207 supra),
1484 2139 1574 2192 fieri
1602 2150 1790 2207 potuerit
1819 2159 1862 2192 et
1886 2149 2058 2192 thalami
2078 2150 2193 2193 locus
2223 2161 2336 2193 certe
2367 2166 2452 2193 non
2474 2151 2667 2193 omnibus

271 2221 314 2265 in
345 2223 517 2265 aedibus
545 2222 587 2265 in
615 2223 842 2265 mulierum
874 2223 1023 2265 domus
1052 2222 1210 2265 ultimis
1240 2221 1429 2278 partibus
1457 2221 1585 2265 fuisse
1616 2221 1806 2270 videatur
1834 2223 1895 2278 (v.
1927 2237 2056 2279 supra
2084 2222 2136 2265 de
2158 2221 2340 2264 Vulcani
2368 2222 2666 2277 eubiculo)²1.).

272 2357 411 2395 τοιοῦτο
440 2358 479 2394 δέ
502 2372 559 2394 τοι
582 2361 638 2394 mi
671 2357 830 2409 ἐξέδρα
853 2358 928 2408 ’τῆς
951 2362 1105 2404 ululas,
1137 2356 1202 2403 ἔξω
1225 2356 1323 2394 πᾶσα
1344 2348 1454 2399 0156«,
1485 2353 1595 2407 αρδς
1618 2353 1727 2408 αὐτῇ
1750 2356 1801 2409 τῇ
1822 2354 1975 2403 εἰςὸδφ
1999 2365 2386 2410 κατεσκευασμένη·
2422 2357 2474 2404 οἷς
2496 2354 2538 2408 (51)-
2561 2373 2669 2407 παρα·

274 2419 425 2466 ηὶῃσίως
456 2419 510 2451 καὶ
541 2413 584 2451 τό
616 2419 747 2452 κλίσιον
780 2416 846 2461 ιξω
869 2414 933 2452 τοῦ
957 2420 1062 2453 οἴκου.
1109 2415 1426 2449 Praeclarissimum
1451 2415 1647 2456 exemplum
1671 2416 1749 2448 talis
1774 2411 1959 2463 προστῴου
1982 2423 2060 2449 ante
2084 2417 2195 2458 ipsius
2220 2417 2341 2450 domus
2367 2418 2457 2450 fores
2481 2423 2559 2459 post
2581 2418 2669 2458 peri-

273 2475 415 2517 stylium
448 2474 614 2506 exstructi
647 2474 787 2506 exhibet
818 2474 957 2509 Platon.
987 2474 1126 2516 Protag.
1158 2482 1192 2516 p.
1216 2474 1294 2513 315.
1320 2471 1347 2505 C
1379 2466 1531 2508 »Ἱππίαν
1563 2467 1627 2508 (ὃν
1661 2468 1804 2517 Ἠλεῖον,
1839 2469 2037 2522 καθξμειον
2072 2478 2107 2509 ἐν
2138 2470 2191 2518 roi
2214 2468 2421 2523 καταιτικριῖ
2443 2468 2609 2523 προστόφ
2632 2478 2668 2509 ἐν

272 2527 415 2579 optinet·
447 2534 525 2578 περὶ
556 2526 665 2565 αι’-τᾶν
694 2528 726 2565 ‹5'
751 2528 923 2580 ἐκάθηντο
954 2534 1009 2567 ἐπὶ
1033 2528 1191 2581 βάθρων
1212 2527 1440 2580 Ἐᾳιξίμαχος
1462 2543 1489 2564 κ·
1513 2543 1546 2564 τ·
1571 2531 1647 2567 k-‘v
1674 2529 1750 2561 0011·
1777 2531 1862 2571 317,
1888 2529 1920 2561 D
1947 2531 2148 2579 »συνέδριον
2172 2526 2496 2582 κατασκει·ἇσωμει-“
2522 2536 2555 2563 et
2579 2534 2667 2566 »ἐκεῖ

270 2584 337 2636 γάρ
368 2587 573 2636 προῦπξφχε
602 2584 650 2624 τά
677 2583 849 2638 βάθραίι.
873 2606 916 2613 -
942 2589 1145 2622 Generalem
1177 2587 1271 2620 vocis
1297 2586 1464 2635 ηὲξέδρα“
1490 2586 1558 2617 vim
1583 2585 1738 2618 declarat
1762 2586 1886 2619 Pollux
1911 2588 1939 2629 I,
1964 2590 2007 2621 79
2033 2583 2133 2624 ’,εἶτα
2158 2588 2290 2635 ἐξέὸᾳα,
2314 2589 2373 2624 {aa
2397 2582 2668 2636 ‹ft-yuuiquraffl-

272 2644 442 2684 Galenus,
478 2646 701 2688 posterioris,
727 2647 870 2688 opinor,
894 2647 1017 2679 aetatis
1041 2656 1139 2678 usum
1161 2652 1317 2686 secutus,
1341 2645 1485 2678 similem
1509 2644 1584 2676 oeci
1611 2645 1721 2685 ipsius
1744 2651 1876 2686 partem
1899 2645 1968 2678 hoc
1992 2648 2129 2679 nomine
2155 2647 2311 2687 appellat.
2361 2646 2534 2678 Vitruvius
2558 2646 2668 2678 aliam

271 2703 307 2735 in
331 2706 463 2743 partem
487 2713 510 2735 a
533 2703 672 2744 propria
694 2702 837 2751 ἐξέδρας
861 2704 991 2744 forma,
1015 2704 1151 2745 qualem
1175 2700 1409 2745 Porphyrius,
1433 2701 1533 2734 Plato
1558 2701 1592 2735 ll.
1616 2702 1650 2734 ll.
1674 2703 1892 2745 describunt,
1917 2704 2098 2743 aberrans,
2123 2705 2275 2745 porticus
2300 2704 2546 2743 palaestrarum
2571 2704 2666 2736 locon

273 2759 452 2802 quosdam,
476 2760 633 2801 quamvis
658 2770 680 2792 a
703 2760 836 2793 foribus
861 2767 1022 2805 remotos,
1046 2761 1084 2793 in
1108 2770 1196 2802 quos
1221 2769 1349 2792 sessum
1375 2759 1479 2797 ibant,
1504 2758 1650 2792 exedras
1675 2760 1832 2795 nominat
1852 2761 1887 2801 (l.
1912 2760 1953 2800 V,
1979 2770 2010 2793 c.
2038 2765 2089 2801 11,
2115 2760 2135 2801 S
2162 2759 2521 2801 2‚0011.V11‚9‚2).
2568 2759 2668 2801 Item,

272 2822 310 2847 ut
339 2816 491 2854 videtur,
526 2816 598 2847 Cic.
631 2817 673 2847 de
705 2823 774 2850 nat.
808 2818 902 2849 deor.
927 2817 962 2858 1,
987 2819 1007 2850 6
1039 2824 1073 2849 et
1103 2817 1251 2850 fortasse
1280 2817 1323 2848 de
1353 2821 1437 2847 orat.
1470 2814 1753 2856 111,5,17.-
1779 2817 1909 2850 Ultimo
1940 2817 2018 2849 loco
2043 2817 2181 2848 afferam
2205 2815 2309 2847 schol.
2335 2815 2436 2860 Vulg.
2460 2816 2503 2848 ad
2528 2831 2573 2856 ο,
2601 2819 2668 2852 208

273 2875 446 2907 validam:
472 2867 571 2914 ἅπαξ
594 2878 732 2920 dorstat.
757 2879 913 2924 wanlia
936 2876 974 2909 δὲ
998 2874 1179 2922 δξέδραν
1204 2870 1286 2909 τινὰ
1307 2870 1545 2923 σιγιιαῐοειδῆ,
1569 2872 1627 2910 (ef.
1651 2867 1831 2923 renui-mlta
1847 2875 1936 2916 apud
1953 2872 2340 2912 Beck-Charicl-1,330
2359 2874 2474 2915 sq·)ev
2496 2887 2517 2924 r
2542 2878 2670 2909 laum>

272 2931 303 2965 οὶ
327 2931 472 2965 namuel.
495 2924 519 2976 η’
540 2929 803 2979 κρηπίὸσμα,
826 2931 884 2974 ἐφ’
909 2946 955 2966 ου
979 2926 1292 2975 ἑκαθέζοντο’
1271 2946 1290 2978 η
1311 2927 1507 2979 &aufugi-‚ro
1531 2936 1618 2970 q‘uae
1635 2933 1794 2970 proximu
1817 2933 1919 2963 verba
1942 2933 2073 2968 mirum,
2099 2934 2262 2970 quantum
2287 2929 2495 2962 admoneant
2508 2931 2669 2963 Homeri-

272 2994 391 3018 corum
422 2984 604 3018 verborum
635 2984 674 3018 11.
707 2984 774 3018 XX
782 3011 796 3048 ζ
822 2991 886 3029 11,
922 2987 980 3021 ubi
1015 2988 1058 3021 de
1082 2988 1225 3021 deorum
1247 2986 1412 3034 συνεδρίῳ
1434 2985 1515 3018 ita:
1538 2980 1728 3033 Ἑλθόιτες
1751 2987 1782 3024 δ’
1808 2992 1842 3033 ἐς
1865 2985 1967 3026 δὸιια
1990 2982 2071 3031 Διός
2092 2982 2354 3035 νεφεληγερετὰο
2377 2987 2509 3038 Ξὲσης
2532 2983 2668 3025 αἶθον-

271 3051 372 3094 σνσιν
405 3038 603 3088 ὲφίζιιιᾞον
649 3043 800 3077 Pluralis
835 3048 1012 3082 ατθυυσαι
1043 3041 1153 3091 στοὰς
1184 3055 1229 3078 ex
1253 3049 1396 3088 utraque
1419 3044 1512 3077 illius
1537 3043 1681 3093 ιξέδρας
1704 3049 1799 3090 parte
1823 3030 2020 3077 aedificatas
2045 3042 2199 3076 indicare
2222 3043 2368 3086 videtur,
2393 3040 2544 3090 πόπους
2566 3059 2668 3095 “9⁰-

272 3096 438 3146 στςὸους
469 3096 526 3146 ι·’φ
561 3095 658 3149 ν’λέου
681 3105 1035 3154 καταλαιιιτομένουςκ
1060 3103 1180 3145 (schol.
1205 3101 1569 3146 B.⁸d.1.1.niadis)
1598 3102 1652 3135 vel
1677 3098 1879 3146 ηστινῑοῑᾰς
1900 3101 2078 3151 καθέδρας
2100 3104 2293 3149 περίστυλα
2318 3098 2492 3151 εἱχοίιςιις·ι
2518 3103 2591 3145 (Et-
2616 3102 2665 3135 Μ.

271 3168 305 3200 p.
330 3160 385 3200 32,
410 3160 455 3192 46
479 3160 515 3191 in
538 3168 569 3191 v.
593 3161 707 3195 αῖθου
709 3161 801 3199 σαι).
855 3160 923 3192 Dei
948 3169 1027 3193 vero
1054 3162 1089 3193 iu
1113 3162 1187 3204 ipsa
1210 3160 1345 3211 κρηπῖδι
1367 3153 1543 3204 ἑφΙζαιον,
1574 3168 1604 3192 v.
1629 3159 1785 3194 Eustath.
1809 3159 1854 3193 ad
1876 3158 2028 3195 1.1.ηέν
2051 3154 2175 3203 ‹zi-rats
2196 3157 2293 3204 (ταῖς
2315 3162 2516 3205 «sn-aman
2538 3160 2666 3210 ἕδραις,

273 3229 315 3250 ου
337 3212 504 3264 θρόιοις)
526 3219 602 3265 περὶ
625 3230 667 3252 το
694 3217 822 3260 ὖὸαφος
844 3212 1112 3269 καθιζόμενοοι·

405 3269 449 3314 ²¹)
471 3273 522 3306 No
560 3274 638 3315 quis
671 3280 821 3315 opponat
852 3284 949 3306 meae
979 3275 1021 3306 de
1046 3268 1143 3307 Celei
1173 3274 1323 3307 thalamo
1347 3274 1536 3307 sententiae
1560 3283 1699 3307 versum
1725 3275 1788 3307 143
1811 3273 1931 3317 hymn.
1955 3273 1992 3305 in
2016 3271 2131 3305 Cerer.
2158 3277 2252 3309 ‚Kal
2274 3288 2309 3310 ιω
2331 3277 2442 3322 λέχος
2465 3279 2669 3326 στορέσαιμι

271 3327 382 3381 pozo*
410 3327 589 3366 θαλάμων
616 3328 788 3380 n'm'n-rov
807 3328 1028 3368 Δεσπόσυιον
1053 3347 1083 3367 ιι
1106 3347 1140 3369 r
1164 3334 1197 3368 λ..
1201 3342 1232 3375 ¹⁴,
1256 3332 1408 3372 duom,
1440 3331 1491 3364 ibi
1515 3331 1709 3365 domestica.
1731 3334 1869 3375 negotia
1891 3331 1927 3363 in
1951 3330 2148 3362 universum
2172 3331 2328 3372 describi,
2352 3342 2421 3364 non
2444 3342 2552 3364 uuum
2575 3331 2673 3365 Celei

273 3385 399 3419 lectum
423 3385 579 3428 indicari,
604 3388 650 3421 cf.
673 3389 842 3431 pluralem
866 3385 1057 3441 θαλάμου.
1103 3389 1161 3422 Ad
1183 3388 1252 3423 hoc
1276 3389 1382 3423 Ceres
1408 3397 1511 3421 nosse
1534 3397 1604 3420 non
1627 3393 1773 3431 poterat,
1796 3398 1866 3431 quo
1889 3388 1926 3421 ia
1949 3388 2027 3420 loeo
2049 3387 2188 3420 aedium
2209 3387 2306 3421 Celei
2328 3388 2501 3426 thalamus
2525 3393 2629 3423 esset.

2086 3446 2132 3485 ll
