2955 3681
1446 102 1509 153 34

274 255 400 297 verba
439 254 548 295 infra
573 254 627 295 ad
656 256 716 306 2.)
746 252 910 295 collata.
937 273 993 281 —
1026 273 1070 280 -
1110 253 1173 301 ll,
1204 254 1284 293 278
1314 246 1561 308 ἁψαμένη
1587 241 1786 305 βρόχον
1821 244 1998 291 alnov
2025 242 2112 305 εἶφ’
2142 245 2370 308 ὑψηλοῖο
2427 262 2539 301 »με
2559 247 2584 290 λ
2604 239 2669 291 ι’-

277 327 315 366 θ
333 338 362 379 ρ
380 338 405 366 ο
423 339 450 365 υ
466 339 487 360 α
531 324 749 380 (Epicaste
767 322 808 364 in
829 322 991 377 Orcum
1012 320 1263 373 descendit).
1309 320 1447 362 Schol.
1467 320 1586 361 Harl.
1614 313 1863 376 ἅναψομένη
1891 319 1986 373 (sic)
2013 315 2177 376 βρόχον
2203 317 2226 362 ὑ
2268 317 2373 376 ηλόν
2399 318 2472 362 καὶ
2498 320 2574 374 τῆς
2591 319 2670 375 γῆς

278 386 573 453 α’φεστηκότα.
623 392 764 437 Schol.
785 391 919 450 Vulg.
946 385 1184 449 μελάθρου
1210 390 1281 434 νῦν
1340 409 1359 431 n
1377 389 1405 433 δ
1423 404 1446 433 ο
1464 406 1488 431 κ
1507 404 1532 432 ο
1554 389 1583 432 ῦ
1600 406 1621 428 ιι
1661 416 1712 423 -
1738 416 1783 422 -
1807 389 1967 447 Hymn.
1998 392 2040 434 in
2069 391 2214 434 Cerer.
2241 396 2327 435 188.
2351 417 2395 424 -
2423 389 2474 434 Ἡ
2497 392 2667 446 (Ceret)

280 467 320 510 δ’
349 461 425 525 ἄρ’
454 466 532 510 ἐπ’
561 459 718 508 ου’δὸν
745 460 841 522 ἔβη
869 462 1025 507 ποσί·
1058 460 1148 506 καί
1175 462 1243 522 ῥα
1301 476 1368 517 »μ
1387 476 1410 506 ε
1431 460 1455 504 λ
1476 455 1505 505 ά
1527 464 1563 506 θ
1583 477 1609 520 ρ
1629 476 1653 506 ο
1674 477 1737 506 v«
1800 462 1949 520 Κῦρε
1985 453 2147 521 κάρη·
2177 461 2388 518 πλῆσεν
2407 461 2466 506 δὲ
2486 454 2668 520 θύρας

281 539 485 588 σέλαος
512 537 733 590 θείοιο,
771 537 843 580 ubi
873 535 1054 580 Vossius
1096 551 1137 594 p.
1169 539 1222 579 59
1261 535 1416 578 trabem
1445 541 1729 578 transversam
1760 534 1944 578 medium
1975 535 2146 578 lacunar
2173 535 2261 578 oeci
2290 535 2514 579 mulierum
2542 535 2666 579 susti-

280 619 449 655 nentem
469 609 693 665 significari
714 608 828 661 dicit,
860 608 1128 665 Hesychium
1167 615 1307 651 autem
1337 607 1377 649 in
1407 621 1446 648 ν.
1474 604 1697 663 μέλαθρα.
1728 601 1876 648 οἰκίαι.
1935 624 1956 646 n
1978 601 2003 647 ῦ
2022 621 2056 649 π
2076 604 2097 649 έ
2117 621 2143 663 ρ
2163 608 2201 649 θ
2219 621 2244 648 υ
2263 622 2288 663 ρ
2308 621 2338 649 α
2354 622 2390 651 α.
2446 606 2577 657 δοκὸς
2603 607 2668 658 δὲ,

279 682 353 725 καὶ
391 678 413 737 ἦ
454 673 718 731 διάτονος
757 679 965 723 vocabulo
996 688 1113 722 recte
1144 677 1357 735 „superi
1395 678 1598 720 liminis
1636 677 1870 720 forium“
1902 679 1985 720 vim
2014 679 2198 722 tribuere
2227 685 2367 733 negat.
2425 678 2507 721 Sed
2538 695 2664 735 quam

281 754 426 803 aliam,
457 754 650 810 inquam,
680 752 840 796 trabem
871 752 951 793 dea
980 752 1120 808 capite
1151 751 1360 804 attingere
1390 749 1550 806 potuit,
1590 748 1630 790 in
1659 742 1783 804 οιῖδῷ
1811 755 1939 799 stans,
1970 747 2049 792 nisi
2077 748 2211 806 ipsum
2241 744 2501 805 ὑπέρθυρον.
2533 775 2585 783 —-
2615 777 2667 783 -

280 825 442 879 Hymn.
472 824 513 865 in
545 824 700 866 Vener.
733 825 811 865 174
838 836 860 863 ε
878 816 1153 877 ῦποιήτου
1182 820 1239 863 δὲ
1298 834 1364 872 »μ
1386 833 1406 861 ε
1428 819 1451 860 λ
1471 813 1499 862 α’
1520 822 1557 861 θ
1576 834 1602 875 ρ
1623 833 1646 861 ο
1669 834 1730 860 va
1787 819 1924 877 κῦρε
1952 814 2090 876 κάρη
2119 819 2352 876 (Veneris).

418 895 470 937 ad
499 894 557 950 2.)
589 894 646 943 11,
677 899 760 936 414
789 894 921 951 πρίν
946 907 1013 946 με
1040 888 1179 934 κατά
1208 891 1407 948 πρηνὲς
1433 890 1655 945 βαλέειν
1683 886 1968 947 Πριάμοιο
2029 890 2183 943 »μέλ
2203 906 2232 933 α
2252 893 2410 948 θρον
2432 907 2480 941 a,
2540 906 2666 948 quem

282 965 425 1009 locum
463 981 593 1023 supra
631 981 727 1022 pag.
758 970 825 1019 30,
852 981 889 1006 v.
926 968 967 1006 ll
1013 979 1107 1006 cum
1138 963 1286 1014 Quinti
1316 962 1480 1019 Smyrn.
1511 963 1642 1012 XIII,
1673 967 1749 1004 451
1783 977 1843 1018 sq.
1881 962 2151 1005 contulimus.
2180 988 2231 993 —
2271 962 2463 1006 Eustath.
2491 963 2542 1006 ad
2572 963 2611 1006 h.
2641 963 2668 1008 l.

281 1052 325 1094 p.
346 1037 442 1086 249,
472 1039 523 1079 19
543 1035 711 1092 λέγεται
742 1035 794 1079 δὲ
810 1033 1042 1088 μέλαθρον
1057 1033 1138 1087 μὲν
1153 1030 1264 1076 κατά
1278 1032 1381 1083 τοῦς
1409 1032 1627 1082 παλαιοῦς
1655 1028 1680 1089 ἢ
1707 1030 1732 1074 o‘
1789 1053 1808 1073 n
1825 1027 1849 1074 ὅ
1867 1048 1892 1089 ρ
1913 1047 1936 1073 ο
1957 1046 1992 1089 φ
2011 1047 2036 1073 ο
2056 1048 2113 1082 ςιι
2171 1029 2195 1089 ἢ
2221 1032 2272 1075 τό
2301 1033 2434 1086 μέσον
2457 1035 2535 1092 τῆς
2564 1034 2670 1077 στέ-

282 1122 358 1166 γης
396 1099 547 1162 ξύλον,
584 1100 632 1159 ὅ,
662 1120 807 1164 φασι,
844 1105 1041 1149 καλεῖται
1072 1101 1395 1161 ιῗπέρτονον,
1437 1105 1507 1147 καὶ
1536 1103 1692 1159 γίνεται
1724 1098 1813 1145 cino
1838 1106 1916 1145 τοῦ
1941 1104 2232 1155 μελαίνεσθαι
2259 1103 2499 1158 αἰθομένου
2527 1104 2672 1163 πυρός

283 1181 438 1236 καπνῷ
454 1193 464 1204 ·
506 1177 555 1222 ἐκ
598 1177 649 1222 δὲ
687 1170 844 1222 τούτου
883 1177 954 1221 καὶ
996 1174 1018 1221 ὀ
1045 1171 1144 1227 ὅλος
1171 1171 1290 1227 οἶκος
1316 1175 1554 1232 μέλαθρον,
1585 1170 1736 1232 ὥσπερ
1766 1175 1838 1218 καὶ
1869 1169 1959 1218 άπὸ
1986 1174 2138 1225 ἑστίας
2164 1178 2240 1232 τῆς
2266 1177 2346 1219 τοῦ
2373 1172 2510 1234 πυρός
2536 1173 2596 1227 ὥς
2623 1176 2669 1220 ἐκ

280 1249 442 1310 μέρους
481 1248 605 1293 ἑστία
631 1243 682 1293 τό
708 1243 806 1293 ὅλον
831 1247 1004 1306 οἴκημα.
1033 1273 1087 1280 -
1117 1248 1320 1306 Paraphr.
1351 1248 1485 1291 Bekk.
1517 1249 1567 1290 ad
1599 1248 1656 1298 11,
1687 1253 1767 1293 414
1797 1246 1872 1290 τόν
1897 1247 1973 1291 τοῦ
2003 1240 2208 1306 Πριάμου
2234 1243 2398 1293 οἶκον.
2454 1249 2668 1308 Interpre-

283 1324 385 1368 tatio
425 1319 666 1378 ὑπέρπονος
693 1322 745 1365 ad
769 1323 858 1377 1.),
889 1322 1167 1379 metaphrasis
1200 1315 1368 1378 »οἶκος-(ι
1399 1321 1451 1363 ad
1482 1322 1541 1372 7.)
1571 1321 1613 1363 in
1643 1322 1732 1379 ipsa
1762 1321 1838 1363 hac
1865 1312 2100 1378 μελάθρου
2128 1336 2234 1365 voce
2261 1321 2480 1365 referenda
2509 1330 2585 1365 est.
2614 1347 2670 1354 —-

283 1396 490 1439 —SchoL
512 1395 565 1447 Q.
587 1396 638 1437 ad
662 1411 702 1448 χ,
730 1397 809 1437 239
827 1392 926 1445 μέλ
941 1396 1054 1449 αθρ
1069 1408 1127 1434 ον
1157 1392 1233 1448 τῆν
1291 1412 1310 1432 n
1329 1387 1357 1434 o'
1375 1408 1401 1448 ρ
1422 1408 1445 1434 ο
1464 1407 1499 1448 φ
1519 1385 1544 1449 ἡ
1563 1407 1616 1432 να
1651 1394 1743 1435 coll.
1765 1395 1812 1443 θ,
1844 1395 1934 1436 279.
1955 1417 2008 1424 -
2033 1417 2076 1424 —
2101 1393 2152 1435 In
2169 1394 2436 1436 annotatione
2456 1394 2509 1437 ad
2529 1395 2671 1451 Etym.

283 1468 347 1511 Μ.
376 1467 441 1511 ed.
469 1466 757 1523 Kulenkamp.
787 1482 828 1523 p.
857 1468 939 1508 960
967 1466 1115 1508 Bloch.
1155 1481 1178 1507 e
1222 1466 1315 1507 cod.
1346 1466 1481 1508 Havn.
1517 1468 1616 1507 1971
1664 1466 1767 1507 hacc
1807 1466 1926 1507 affert
1956 1481 1965 1507 z
2016 1464 2222 1523 Μέγαρον
2261 1465 2309 1508 δέ
2337 1463 2451 1508 ἐστιν
2477 1463 2502 1509 ὁ
2529 1461 2668 1518 οἶκος·

281 1538 509 1595 μέλαθρον
536 1537 586 1581 δὲ
643 1534 700 1593 »ἦ
753 1530 778 1580 ό
797 1553 823 1593 ρ
845 1553 870 1580 ο
890 1552 925 1593 φ
946 1535 971 1592 ἦ
995 1552 1039 1586 a,
1098 1530 1192 1578 α’πό
1221 1538 1299 1577 τοῦ
1324 1535 1619 1588 μελαίνεσθαι
1662 1532 1745 1578 ὑπὸ
1771 1537 1851 1577 τοῦ
1879 1537 2072 1587 καπνοῦ,
2105 1531 2367 1593 ώςὍμηρος
2396 1538 2479 1580 Od.
2508 1552 2548 1590 χ,
2577 1542 2669 1582 239.

282 1602 447 1666 Αὐτὴ
476 1609 517 1652 δ’
539 1602 927 1657 αἰθαλόεντος
955 1601 1055 1650 dvo?
1081 1603 1358 1664 μεγάροιο
1385 1606 1679 1662 μέλαθρον.
1732 1601 1795 1649 Ου’
1822 1603 1905 1663 γάρ
1935 1601 1986 1648 ἂν
2013 1606 2141 1649 εἴποι
2167 1621 2234 1657 τις
2262 1602 2384 1649 οἶκου
2413 1608 2510 1664 (sic)
2539 1603 2670 1659 οἶκος.

283 1707 338 1714 —
357 1680 555 1724 Eustath.
586 1680 639 1723 ad
674 1681 794 1730 1925,
814 1681 867 1722 45
888 1670 1200 1728 Αἷθαλόεντος
1230 1677 1280 1720 δὲ
1299 1670 1497 1734 μεγάρου
1523 1677 1749 1735 μέλαθρον
1767 1676 1883 1734 λέγει
1943 1697 1963 1719 n
1979 1694 2002 1720 τ
2022 1676 2046 1735 ἡ
2066 1694 2088 1719 ν
2144 1671 2168 1720 ό
2187 1694 2213 1737 ρ
2233 1693 2257 1720 ο
2278 1693 2313 1736 φ
2334 1672 2358 1735 η’
2378 1694 2432 1720 να
2492 1678 2561 1723 διό
2580 1678 2674 1736 ἐρεῖ

284 1752 332 1796 ἐν
371 1755 468 1802 τοῖς
508 1751 636 1806 ἑξῆς·
680 1746 735 1808 δὴ
771 1743 868 1794 τότε
913 1745 1088 1803 οἷνέσχεν
1122 1743 1289 1807 Ἀθηνᾶ
1317 1747 1466 1805 αἰγίδα
1498 1745 1670 1807 ὑψόθεν
1697 1747 1746 1802 ἐξ
1775 1743 1960 1807 ὀροφῆς,
2003 1745 2064 1799 αἱς
2090 1748 2243 1792 ταυτὸν
2270 1743 2379 1793 εἶναι
2408 1744 2572 1807 ὀροφήν
2598 1752 2672 1796 καὶ

288 1823 516 1881 μέλαθρον
543 1840 582 1865 κ.
613 1839 650 1865 τ.
681 1822 721 1865 λ.

427 1896 480 1938 ad
509 1895 567 1948 3.)
610 1893 752 1949 Hujus
794 1891 1110 1949 significationis
1151 1892 1315 1934 nullum
1360 1899 1523 1934 certum
1564 1892 1802 1947 exemplum
1847 1893 1966 1943 novi,
2011 1893 2043 1933 si
2088 1893 2258 1949 quidem
2300 1908 2511 1936 recessum
2540 1895 2673 1946 illum,

288 1966 551 2009 cavationem
592 1964 727 2015 illam,
768 1963 808 2005 id
849 1963 963 2020 quod
1002 1963 1043 2004 in
1079 1963 1228 2005 ceteris
1259 1966 1407 2007 tertiae
1438 1964 1562 2005 huius
1594 1962 1905 2018 significationis
1934 1964 2139 2021 exemplis
2167 1964 2326 2005 factum
2357 1979 2450 2007 esse
2479 1965 2673 2017 vidimus,

286 2038 340 2081 ad
371 2036 632 2093 superiorem
663 2033 1021 2090 contignationem
1052 2032 1264 2090 quandam
1296 2032 1439 2077 referri
1471 2033 1663 2077 velimus.
1721 2029 1845 2078 Certe
1874 2036 2041 2077 incertis
2072 2037 2259 2091 vestigiis
2291 2037 2515 2078 verborum
2545 2036 2672 2080 LXX

286 2110 339 2153 ad
368 2109 477 2163 Reg.
505 2107 541 2158 I,
570 2110 610 2158 8,
636 2109 660 2150 5
692 2122 702 2149 ε
736 2103 824 2149 Καὶ
854 2096 996 2148 πάντα
1022 2100 1079 2147 τά
1112 2097 1385 2162 θυρώματα,
1428 2104 1500 2149 καὶ
1532 2102 1580 2148 αἱ
1607 2104 1747 2162 χῶραι
1775 2098 2033 2162 τετράγωνοι
2060 2107 2510 2163 μεμελαθρωμέναι“,
2548 2124 2672 2165 quem

285 2182 427 2224 locum
456 2180 712 2236 interpretes
740 2177 794 2220 ad
822 2176 927 2219 Hes.
957 2175 1023 2219 ed.
1052 2176 1222 2219 Alberti
1250 2177 1308 2228 11,
1337 2192 1376 2232 p.
1407 2179 1512 2228 561,
1538 2186 1677 2220 annot.
1707 2182 1744 2219 3.
1776 2187 1818 2220 et
1847 2176 2132 2221 Schleussner.
2163 2180 2266 2221 Lex.
2296 2179 2338 2221 in
2368 2196 2405 2221 v·
2433 2174 2676 2238 μελαθρό-

288 2266 397 2303 ομαι
441 2249 718 2306 „trabibus
762 2255 1077 2298 connector,
1115 2249 1163 2290 in
1205 2248 1397 2290 cellam
1442 2248 1732 2305 disponor“
1762 2249 1954 2301 afferunt,
1998 2264 2047 2294 eo
2078 2251 2213 2294 minus
2242 2251 2304 2293 uti
2334 2250 2458 2293 velim
2486 2250 2538 2294 ad
2567 2250 2676 2294 hanc

288 2322 404 2367 vocis
442 2323 527 2364 vim
557 2320 953 2370 demonstrandam,
995 2334 1079 2376 quo
1115 2320 1247 2376 magis
1290 2320 1490 2376 pergulae
1527 2319 1568 2362 in
1599 2321 1813 2376 superiore
1844 2322 2155 2376 contignatione
2185 2322 2290 2365 ratio
2321 2322 2372 2364 ab
2403 2337 2454 2364 ea
2482 2322 2522 2364 vi
2551 2323 2675 2380 hujus

290 2395 407 2438 vocis
438 2394 649 2444 abhorret,
680 2392 732 2434 de
764 2406 847 2449 qua
878 2391 983 2434 infra
1013 2392 1064 2434 ad
1095 2392 1153 2447 6.)
1184 2391 1505 2448 disputabimus.

428 2465 481 2508 ad
511 2465 572 2521 4.)
604 2463 671 2507 De
697 2464 909 2506 obscoena
939 2464 1167 2514 sententia,
1214 2479 1322 2521 quae
1350 2455 1585 2521 μελάθρου
1612 2463 1704 2506 voci
1733 2463 1879 2519 subjici
1911 2464 2055 2521 possit,
2086 2464 2268 2508 dubitari
2298 2480 2381 2507 non
2412 2463 2509 2508 sinit
2537 2465 2676 2521 glossa

290 2537 497 2594 Hesychii
518 2553 529 2578 z
569 2534 843 2592 Μέλαθρον·
874 2536 1054 2592 οἴκημα·
1106 2556 1125 2577 n
1145 2551 1168 2576 κ
1189 2552 1218 2578 α
1237 2536 1253 2578 ὶ
1299 2552 1323 2578 τ
1343 2531 1368 2577 ὀ
1413 2552 1438 2578 τ
1457 2537 1496 2577 ὦ
1515 2551 1537 2576 ν
1581 2549 1607 2590 γ
1624 2550 1649 2576 v
1668 2550 1690 2575 ν
1709 2551 1737 2577 α
1756 2550 1772 2576 ι
1792 2552 1816 2576 κ
1835 2536 1874 2576 ιῦ
1893 2551 1914 2576 ν
1957 2551 1989 2589 μ
2010 2531 2034 2578 ό
2058 2551 2083 2592 ρ
2105 2552 2122 2578 ι
2142 2550 2165 2578 ο
2189 2551 2222 2587 ν,
2241 2551 2261 2572 ιι
2310 2535 2397 2578 sive
2417 2536 2526 2579 hanc
2549 2536 2676 2593 signi·

291 2609 532 2651 ficationem
574 2609 722 2651 eodem
762 2607 887 2650 modo
918 2608 1115 2664 explicas,
1146 2616 1193 2649 ut
1224 2623 1351 2666 supra
1381 2609 1422 2649 in
1455 2623 1492 2649 v.
1521 2598 1722 2663 μεσόδμη
1752 2614 1795 2649 et
1823 2606 2015 2665 κατῆλιψ
2042 2608 2093 2651 ad
2122 2611 2195 2662 4.),
2225 2608 2311 2650 sive
2340 2607 2502 2650 derivas
2531 2623 2621 2651 eam
2652 2624 2678 2652 a

290 2681 455 2723 culinae
500 2681 540 2721 vi
579 2671 816 2735 μελάθρου
856 2679 1024 2734 propria
1056 2687 1097 2720 et
1126 2694 1342 2733 comparas
1372 2679 1623 2721 obscoenam
1656 2678 1768 2720 vocis
1797 2671 2053 2722 τούπτάνιον
2080 2679 2161 2721 vim
2186 2678 2303 2734 justo
2333 2678 2572 2722 accuratius
2604 2695 2677 2722 ex-

291 2751 490 2807 plicatam
522 2766 546 2791 a
577 2750 805 2791 scholiasta
835 2751 874 2790 in
906 2749 1038 2791 Arist.
1069 2750 1170 2791 Pac.
1201 2753 1280 2791 887
1311 2751 1446 2806 (891).

430 2821 508 2864 His
542 2818 782 2878 μελάθρου
809 2821 1226 2876 interpretationibus
1271 2837 1398 2879 supra
1427 2821 1562 2863 allatis
1593 2822 1626 2862 si
1648 2821 1736 2876 jam
1766 2829 1847 2864 tres
1877 2822 1978 2864 alias
2008 2822 2170 2879 adjicio,
2200 2822 2296 2864 nolo
2327 2822 2495 2879 quidem
2526 2836 2595 2865 eas
2626 2823 2678 2866 ad

293 2892 611 2936 similitudinem
649 2909 746 2935 cum
781 2884 1005 2949 μεσόδμῃ,
1035 2908 1059 2934 a
1086 2908 1171 2948 qua
1199 2893 1372 2949 profecti
1402 2909 1561 2944 sumus,
1592 2893 1763 2944 referre,
1792 2894 1864 2936 sed
1894 2894 2024 2936 satius
2055 2893 2156 2936 duxi
2186 2893 2353 2945 omnia,
2383 2909 2490 2951 quae
2520 2894 2573 2937 ad
2603 2909 2681 2937 vo-

294 2979 387 3007 cem
417 2960 654 3020 μελάθρου
682 2965 900 3016 attineant,
933 2980 1015 3006 una
1045 2964 1128 3005 huc
1158 2964 1358 3016 conferre,
1388 2980 1440 3008 ne
1469 2964 1815 3022 significationum
1846 2974 2095 3023 conspectus
2125 2965 2345 3008 incidatur.

434 3035 493 3091 5.)
524 3036 768 3091 Hesychius
787 3034 1017 3093 μέλαθρα·
1046 3032 1183 3077 οἰκίαι
1203 3050 1212 3059 ·
1273 3053 1293 3074 n
1311 3031 1335 3076 ό
1353 3051 1387 3078 π
1409 3036 1429 3079 έ
1449 3052 1475 3094 ρ
1496 3040 1532 3077 θ
1557 3051 1581 3077 υ
1598 3050 1624 3092 ρ
1641 3051 1669 3077 α
1686 3051 1706 3072 <a
1721 3068 1731 3087 ,
1789 3037 1840 3080 de
1860 3053 1945 3093 qua.
1974 3037 2091 3080 vocis
2122 3037 2163 3079 vi
2185 3038 2273 3094 jam
2306 3050 2433 3094 supra
2454 3036 2505 3078 ad
2531 3035 2585 3091 1.)
2607 3051 2680 3079 ex-

295 3114 416 3150 trem.
448 3107 764 3164 disputavimus.

436 3177 494 3234 6.)
524 3179 662 3222 Schol.
691 3194 768 3221 ms.
810 3181 854 3231 β.
882 3193 919 3234 γ.
950 3179 1002 3222 ad
1032 3178 1202 3222 Pindar.
1234 3178 1404 3234 Olymp.
1434 3178 1510 3228 VI,
1538 3182 1562 3220 3
1594 3195 1603 3220 :
1634 3176 1877 3235 Μέλαθρον
1905 3178 1955 3222 δὲ
1982 3178 2152 3235 λέγεται
2180 3177 2204 3222 ὁ
2225 3174 2353 3230 οἶκος,
2382 3177 2426 3221 ἐν
2453 3170 2488 3233 ᾧ
2516 3194 2681 3234 μαγει-

295 3243 522 3306 ρεόουσιν,
572 3244 699 3307 ἤγουν
756 3269 775 3291 n
793 3265 818 3292 τ
838 3246 861 3293 ὁ
921 3264 953 3303 μ
975 3265 1004 3293 α
1022 3265 1046 3307 γ
1065 3264 1086 3293 ε
1106 3265 1124 3293 ι
1146 3265 1172 3308 ρ
1192 3264 1214 3292 ε
1236 3251 1296 3292 ΐο
1316 3263 1338 3290 ν
1358 3264 1393 3300 α,
1464 3244 1557 3293 dno
1601 3250 1677 3292 τοῦ
1713 3248 1935 3302 μελαίνειν
1961 3246 2036 3294 τόν
2072 3248 2239 3309 αἰθέρα
2285 3246 2363 3293 διά
2393 3251 2474 3292 τοῦ
2511 3251 2682 3294 καπνοῦ

297 3314 509 3378 δηλονότι.
