2955 3681
1442 144 1509 196 ⁶8

288 293 482 343 vidimus,
512 292 615 335 nihil
644 292 795 343 habeo,
824 292 939 350 quod
966 308 1189 350 opponam.
1245 293 1333 336 Ita
1361 293 1503 350 prior
1529 293 1708 351 paries
1745 293 1893 337 iniu-
1930 287 2214 353 διαχώρου
2251 310 2393 340 oeco
2429 298 2543 341 erit
2582 298 2668 341 ad-

288 379 480 408 versus
516 377 652 421 eque
684 363 912 407 craticio
948 379 1113 421 opere
1145 364 1350 415 factus,
1388 365 1678 420 posterior,
1716 365 1809 421 qui
1837 366 1972 408 idem
2009 368 2179 410 totius
2219 368 2338 412 oeci
2375 370 2554 426 paries
2583 384 2667 426 po-

287 436 485 479 sterior
524 436 620 487 sit,
658 435 795 477 hanc
836 435 1050 478 aedium
1086 444 1286 493 partem
1324 450 1350 478 a
1378 435 1663 479 mulierum
1692 435 1914 479 aedibus
1944 438 2239 495 separabit3
2280 440 2332 483 in
2361 454 2462 482 uno
2491 439 2668 483 latere

285 508 388 551 τοῦ
424 499 715 563 διαχώρου
752 505 928 561 μυχόν
970 508 1080 550 oeci
1116 496 1371 564 tangenti
1408 507 1585 563 majus
1618 507 1863 551 foramen
1900 507 2255 565 ὀρσοθύρας,
2296 511 2346 554 in
2389 511 2565 554 altero
2603 511 2667 554 ad

285 573 494 636 λαύραν
520 580 817 635 pertinenti
846 575 872 634 ἦ
898 577 1196 636 αὐθεντικὴ
1219 580 1389 635 janua
1417 587 1603 635 aperta
1632 580 1751 622 erit.
1809 579 1919 623 Vide
1947 581 1987 621 in
2017 580 2162 623 tabula
2190 590 2377 625 extremo
2406 582 2503 624 huic
2525 582 2667 625 libello

287 652 429 694 addita
446 645 522 707 τήν
540 645 795 707 ὀρσοθύραν
812 651 854 691 in
874 650 944 706 fig.
967 652 1015 701 Β,
1033 655 1101 700 4”,
1129 648 1205 705 τὴν
1222 641 1482 704 αὕθεντικῆν
1500 650 1596 692 ibid.
1616 652 1657 693 in
1678 643 1716 693 4'
1745 659 1790 693 et
1815 644 2046 703 μεσόδμας
2074 654 2208 705 magis
2237 668 2390 707 parvae
2419 654 2668 705 altitudinis,

285 737 413 780 quam
443 737 597 779 parvae
624 720 856 764 latitudinis
885 735 1014 764 causa
1043 728 1294 778 „angustum
1323 719 1618 764 interstitium“
1646 721 1881 779 appellatas
1910 737 2002 766 esse
2030 730 2148 780 puta.

422 794 626 836 Extrema
662 792 809 835 scholii
841 792 1017 846 Vulgati
1057 792 1213 843 verba,
1252 805 1364 848 quae
1402 800 1598 849 corrupta
1635 807 1729 837 esse
1765 808 1895 851 supra
1925 795 2037 845 dixi,
2080 795 2186 837 haec
2215 803 2315 837 sunt
2343 811 2353 836 :
2384 790 2515 846 »ἑνός
2541 795 2592 839 δὲ
2619 788 2668 852 ἦν

285 862 450 920 ἔξοδος.
480 855 737 922 ὀρσοθύρα,
775 858 944 920 λαύρα,
984 860 1212 917 θάλαμος,
1245 858 1438 918 ἀνδρῶν,
1477 862 1631 916 οὐδὸς,
1659 856 1929 921 amidanae«
1988 863 2086 917 Quo
2115 880 2239 909 versu
2269 866 2472 909 contineri
2500 867 2665 911 videtur

285 938 455 981 brevior
498 945 752 993 conspectus
795 936 984 992 ejusdem
1028 937 1118 980 viae
1158 933 1253 986 ἑνὸς
1292 927 1441 988 μόνου,
1481 952 1607 993 quam
1650 952 1778 993 supra
1807 937 2084 994 descripserat
2114 936 2352 981 scholiasta.
2410 937 2475 981 Ita
2502 936 2594 988 ἑνὸς
2619 931 2666 996 ἦν

286 1006 452 1064 ἔξοδος.
491 1017 601 1052 esset
630 1024 640 1051 ι
686 1001 782 1058 ἑνός
819 1007 869 1051 δὲ
909 1005 934 1064 ἡ
962 1004 1116 1062 ἔξοδος
1140 1000 1189 1065 ἦν
1217 1000 1299 1064 ἥδε
1327 1016 1372 1051 et
1400 1017 1629 1064 punctum,
1668 1009 1782 1066 quod
1813 1008 2060 1052 Dindorfius
2090 1017 2187 1067 post
2216 1006 2375 1062 ἔξοδος
2400 1009 2666 1067 interposuit,

285 1088 398 1124 esset
423 1095 497 1138 pro
528 1081 833 1122 Germanorum
863 1081 969 1122 colo.
1028 1082 1092 1123 At
1120 1095 1185 1130 ea,
1213 1094 1322 1135 quae
1349 1089 1597 1135 sequuntur,
1626 1082 1733 1123 viam
1763 1078 1861 1130 ἑνὸς
1885 1073 2024 1133 μόνου
2051 1082 2102 1124 ab
2132 1081 2302 1136 Agelao
2331 1082 2614 1137 propositam,
2640 1097 2667 1125 a

286 1152 520 1195 Melanthio
549 1153 841 1207 improbatam,
883 1166 966 1193 non
997 1158 1113 1193 recte
1144 1150 1402 1193 describunt.
1458 1150 1597 1204 Quam
1627 1152 1660 1194 si
1689 1152 1876 1210 reperire
1907 1153 2010 1195 velis
2040 1152 2081 1194 in
2113 1152 2250 1195 verbis
2280 1154 2519 1209 corruptis,
2557 1167 2665 1210 quae

286 1224 439 1266 ‘tradita
477 1232 601 1273 sunt,
640 1224 907 1278 conjecturis
931 1224 1042 1265 latus
1071 1237 1247 1279 campus
1276 1230 1406 1277 patet.
1464 1223 1674 1279 Equidem
1692 1255 1704 1274 ,
1739 1239 1792 1266 ne
1831 1223 1991 1266 multus
2021 1225 2098 1266 sim
2128 1223 2172 1265 in
2200 1239 2246 1266 re
2277 1224 2432 1274 dubia,
2473 1238 2665 1282 propono

288 1310 312 1337 e
349 1295 541 1337 codicum
578 1294 836 1351 compendiis
866 1310 877 1335 ε
914 1285 1167 1349 ὀρσοθύρα,
1215 1288 1359 1349 λαύρα
1384 1316 1441 1323 -
1467 1317 1523 1324 -
1549 1289 1805 1347 θάλα-μον
1833 1294 1910 1347 (sic
1939 1295 1979 1337 in
2010 1295 2104 1337 edd.
2136 1295 2455 1352 antiquissimis)
2485 1295 2666 1351 α’νδρω

284 1359 431 1416 ου’δός,
460 1359 688 1422 πρόδομος
716 1366 1018 1409 restituendam
1048 1366 1157 1408 hanc
1184 1365 1445 1408 lectionem:
1473 1358 1718 1423 ὀρσοθύρα,
1749 1360 1905 1424 λαύρα,
1933 1358 2026 1424 ἕνῇ
2054 1364 2078 1408 ὁ
2105 1364 2323 1420 θάλαμος,
2347 1360 2477 1419 μόνου
2514 1362 2669 1423 ἀνδρὸς

285 1434 438 1491 οὐδός,
479 1430 716 1495 πρόδομος.
773 1437 925 1481 Cetera
953 1437 1082 1494 plana
1109 1446 1229 1488 sunt,
1265 1429 1400 1490 μόνου
1435 1435 1593 1496 α’νδρὸς
1620 1433 1755 1488 οὐδός
1783 1449 1894 1482 esset
1923 1450 2074 1497 poetae
2104 1435 2211 1490 ὁδός
2238 1438 2283 1490 ἐς
2311 1432 2475 1497 λαύρην
2504 1455 2543 1481 ν.
2577 1443 2666 1490 128,

286 1512 339 1554 ad
360 1527 485 1568 quam
510 1511 599 1569 ipse
628 1518 801 1553 annotat
827 1507 911 1561 μία
940 1509 978 1551 δ’
997 1508 1072 1566 οἴη
1099 1507 1249 1565 γίγνετ’
1278 1501 1450 1568 ἐφορμή
1468 1536 1535 1562 -,
1564 1519 1677 1554 esset
1704 1510 1949 1554 scholiastae
1977 1507 2173 1568 ἡέξοδος
2193 1507 2216 1568 ἦ
2234 1509 2301 1561 εἰς
2326 1505 2399 1554 τόν
2426 1504 2668 1567 πρόδομον.

286 1583 480 1625 Dubitari
507 1592 646 1625 autem
677 1598 758 1624 non
787 1590 952 1639 potest,
982 1580 1084 1637 quin
1108 1581 1196 1636 jam
1226 1581 1326 1624 satis
1356 1583 1530 1639 antiquo
1560 1591 1752 1637 tempore
1779 1582 1953 1634 fuerint,
1983 1585 2054 1638 qui
2082 1577 2186 1633 ὁδός
2214 1585 2299 1625 sive
2329 1575 2452 1634 ὁδός,
2481 1584 2522 1625 id
2552 1584 2667 1639 quod

287 1655 387 1697 alias
426 1655 582 1697 factum
621 1668 713 1696 esse
748 1662 912 1696 certum
942 1662 1006 1696 est
1035 1653 1107 1706 (cf.
1137 1654 1259 1696 Eust.
1289 1670 1328 1711 p.
1366 1657 1463 1705 156,
1493 1657 1573 1705 323
1616 1657 1742 1704 1513,
1772 1657 1847 1704 55,
1890 1654 1983 1695 coll.
2014 1653 2142 1710 Soph.
2172 1654 2279 1697 Oed.
2309 1654 2401 1697 Col.
2431 1657 2504 1705 57,
2535 1658 2669 1706 1590;

288 1725 404 1767 Suid.
441 1726 481 1766 in
514 1742 554 1766 V.
584 1717 705 1774 ‹560'93
735 1724 921 1766 Meinek.
951 1725 1002 1765 ad
1024 1724 1138 1767 Men.
1166 1739 1208 1780 p.
1235 1728 1349 1779 233),
1375 1725 1500 1766 etiam
1530 1725 1598 1766 hic
1627 1724 1829 1780 scriptum
1860 1739 1950 1767 esse
1980 1733 2181 1781 putarent
2210 1740 2285 1780 pro
2315 1718 2445 1773 οὐδός
2474 1726 2526 1767 cf.
2547 1725 2663 1768 Suid.

286 1798 353 1838 ed.
382 1796 538 1838 Bernh.
568 1796 635 1845 II,
671 1799 714 1846 l,
743 1811 783 1853 p.
813 1798 906 1845 510,
936 1797 987 1836 ad
1017 1810 1056 1836 V.
1087 1800 1113 1836 4
1145 1795 1270 1837 verba
1298 1795 1339 1837 in
1370 1796 1493 1837 codd.
1524 1796 1573 1838 B.
1603 1796 1653 1837 E.
1684 1795 1801 1838 Med.
1832 1796 1882 1839 ad
1913 1789 2082 1851 λαύρας
2111 1795 2470 1852 interpretationes
2499 1797 2666 1854 appicta

289 1866 395 1909 »καί
422 1867 539 1909 ἐστιν
565 1865 608 1908 ἐν
633 1868 697 1921 τῷ
726 1860 899 1914 Ου’δός
927 1864 982 1914 ἐς
1009 1859 1245 1923 λαύρηνα
1276 1876 1318 1908 et
1347 1867 1416 1908 Et.
1448 1867 1509 1908 M.
1540 1882 1583 1924 p.
1611 1870 1705 1917 615,
1741 1871 1788 1908 12
1820 1868 1875 1923 (V.
1905 1868 2043 1922 infra).
2074 1892 2125 1897 —
2155 1867 2239 1909 Sed
2270 1870 2522 1923 permirum,
2553 1869 2664 1924 quod

285 1940 326 1980 in
354 1939 414 1979 M.
439 1938 606 1992 Aloysii
627 1938 739 1995 apud
760 1937 1006 1978 Barnesium
1028 1946 1070 1978 et
1091 1938 1131 1978 in
1154 1938 1450 1993 antiquissimis
1472 1938 1739 1988 editionibus,
1768 1954 1809 1980 v.
1832 1954 1958 1994 supra
1979 1955 2019 1994 p.
2042 1942 2107 1987 60,
2131 1954 2167 1978 V.
2185 1942 2222 1979 6.
2250 1940 2271 1978 7
2294 1939 2345 1979 ab
2366 1939 2436 1979 inf.
2459 1954 2513 1980 m.
2542 1940 2666 1981 verba

287 2010 431 2052 scholii
451 2003 635 2065 ἄνδρῶν,
664 2000 803 2056 οὐδός,
834 2000 1065 2064 πρόδομος
1085 2023 1168 2049 non
1189 2024 1275 2050 uno
1294 2017 1440 2051 tenore
1461 2010 1775 2059 continuantur,
1808 2010 1878 2051 sed
1898 2020 1992 2064 post
2011 2004 2179 2064 ἅνδρῶν
2197 2010 2521 2064 interpungitur.
2552 2010 2666 2052 Tum

285 2097 439 2125 novum
481 2081 634 2123 lemma
673 2082 861 2123 ΟΥΔΟΣ
896 2079 1086 2136 sequitur
1129 2079 1418 2136 interpretatio
1461 2072 1707 2135 πρόδομος.
1772 2081 1869 2132 Qua
1909 2081 1961 2122 de
2005 2096 2051 2122 re
2091 2081 2205 2122 varia
2243 2089 2341 2121 sunt
2384 2080 2662 2136 interpretum

278 2154 452 2209 judicia.
510 2153 738 2196 Barnesius
784 2152 953 2208 scripsit
995 2145 1104 2200 ὁδός
1144 2152 1389 2208 rettulitque
1432 2153 1614 2208 glossam
1655 2152 1709 2194 ad
1755 2169 1790 2195 V.
1826 2156 1913 2193 128.
1973 2153 2255 2193 Buttmannus
2299 2152 2397 2193 dicit
2442 2152 2664 2195 manifesto

284 2223 490 2281 respici
529 2239 680 2266 vocem
715 2215 846 2265 οὐδόν
882 2239 920 2265 ν.
955 2224 1044 2265 127.
1102 2222 1263 2265 Tamen
1302 2238 1352 2265 eo
1392 2223 1610 2266 transferri
1646 2224 1799 2267 lemma
1833 2217 1971 2272 ου’δός
1999 2239 2094 2265 cum
2124 2223 2267 2279 glossa
2296 2215 2525 2280 πρόδομος
2553 2224 2666 2267 nolle

283 2298 470 2347 videtur,
509 2312 639 2352 quum
676 2297 717 2337 in
756 2302 896 2337 annot.
928 2298 953 2337 3
991 2304 1179 2336 extrema
1216 2294 1385 2348 adjiciat
1414 2296 1520 2350 „hoc
1550 2296 1687 2339 videre
1717 2296 1863 2337 videor
1891 2296 2057 2337 nomina
2089 2295 2228 2336 omnia
2258 2296 2395 2336 locum
2427 2295 2668 2337 definientia

284 2369 539 2413 nominativo
570 2382 672 2409 casu
704 2366 769 2408 hic
799 2373 1048 2409 coacervata
1074 2365 1200 2408 fuisse
1228 2361 1489 2421 ὀρσοθύρα,
1517 2361 1685 2422 λαύρα,
1715 2361 1945 2418 θάλαμος,
1975 2360 2169 2421 ἀνδρῶν,
2209 2358 2363 2415 ου’δός,
2394 2359 2666 2421 πρόδομοςα.

280 2441 348 2483 Ita
385 2439 581 2495 proximis
624 2438 788 2480 duobus
827 2436 964 2479 verbis
994 2436 1084 2496 viae
1114 2436 1341 2491 descriptio
1372 2438 1713 2487 continuaretur,
1752 2453 1908 2479 novum
1941 2437 2093 2479 lemma
2123 2454 2204 2478 non
2234 2437 2505 2493 inciperetur,
2550 2439 2665 2494 quod

285 2513 336 2555 ad
366 2513 492 2555 alium
523 2525 689 2553 versum
717 2508 976 2551 transferres.
1035 2507 1258 2563 Equidem,
1289 2507 1390 2563 quid
1420 2510 1621 2561 sentiam,
1650 2509 1684 2551 si
1713 2508 1842 2550 verba
1871 2502 2025 2558 oiido'g,
2055 2505 2288 2564 πρόδομος
2315 2524 2410 2550 cum
2441 2508 2666 2564 superiori-

285 2585 363 2627 bus
393 2583 474 2625 sint
502 2582 766 2635 continentia,
795 2595 924 2636 supra
953 2578 1172 2635 explicavi.
1229 2577 1299 2622 Sin
1329 2577 1475 2622 autem
1501 2594 1661 2621 novum
1692 2579 1845 2622 lemma
1878 2572 2067 2629 »Oeidogss
2100 2580 2288 2636 sequitur
2317 2579 2501 2634 glossa
2530 2575 2665 2635 »πρό-

284 2655 474 2708 δομοςα,
514 2662 739 2708 utramque
775 2665 922 2693 Vocem
963 2652 1016 2693 ad
1052 2642 1183 2692 οὐδόν
1220 2651 1279 2703 (v.
1315 2652 1428 2705 127),
1467 2665 1552 2693 non
1590 2649 1643 2693 ad
1673 2644 1772 2701 ὁδός
1800 2652 1888 2694 sive
1917 2645 2051 2700 ου’δός
2077 2650 2117 2692 in
2148 2666 2185 2695 V.
2219 2654 2295 2692 128
2326 2650 2657 2692 transferendam

283 2741 374 2770 esse
413 2727 533 2767 duco.
595 2729 634 2777 l)
664 2725 854 2766 Primum
897 2725 1005 2765 enim
1047 2722 1336 2780 interpretatio
1377 2718 1681 2777 ππρόδομοςα
1718 2738 1742 2764 a
1771 2738 1809 2763 v.
1845 2727 1943 2772 128,
1975 2724 2061 2764 sive
2091 2719 2201 2770 ὁδός
2228 2722 2314 2763 sive
2343 2714 2472 2769 οὐδός
2499 2721 2659 2769 scribis,

278 2798 400 2853 plane
442 2797 667 2844 abhorret,
711 2795 763 2836 ad
797 2810 835 2837 V.
870 2797 968 2845 127,
1015 2810 1053 2836 v.
1082 2794 1211 2842 infra,
1249 2793 1564 2836 accommodata
1609 2802 1674 2835 est
1711 2793 1757 2848 2)
1788 2794 1942 2835 lemma
1980 2793 2105 2845 illud,
2146 2793 2256 2848 quod
2293 2806 2421 2847 supra
2453 2807 2475 2833 e
2506 2790 2662 2833 Suidae

278 2868 493 2912 codicibus
530 2867 651 2908 attuli
702 2860 879 2914 „Ov‘do'g
915 2863 963 2914 ἐς
990 2861 1209 2922 λαύρηνα,
1249 2875 1291 2908 et
1318 2864 1456 2922 ipsum
1486 2879 1539 2906 ex
1570 2859 1754 2907 »Οιῖδόν
1781 2863 1825 2915 ἐς
1852 2862 2046 2920 λαιῖρηνιι
2080 2872 2327 2918 corruptum
2358 2878 2449 2905 esse
2479 2864 2661 2914 videtur,

279 2956 410 2997 quum
455 2939 518 2980 Et.
549 2938 607 2979 M.
646 2954 686 2994 p.
717 2941 817 2987 615,
854 2942 901 2979 12
937 2938 1102 2994 legatur
1136 2953 1146 2979 t
1184 2930 1338 2979 Ου’δὸν
1376 2936 1473 2993 (sic)
1514 2934 1559 2987 ἐς
1587 2930 1768 2995 λαύρην,
1805 2937 1996 2992 βατῆρα,
2037 2926 2226 2988 βαθμὸν.
2264 2933 2461 2990 σημαίνει
2499 2934 2549 2976 δὲ
2588 2933 2662 2992 τὴν

280 3009 491 3067 δημοσίαν
518 3005 635 3051 ὁδόν·
666 3004 830 3064 λαύρην
860 3007 911 3051 δὲ
941 3002 1175 3061 Φιλόξενος
1201 3002 1275 3065 τήν
1301 3000 1439 3066 ῥύμην
1464 3006 1586 3065 φησί.
1615 3008 1688 3051 καὶ
1717 3008 1828 3057 τινὲς
1850 3006 1928 3059 μὲν
1955 3000 2059 3048 ὀδόν
2085 2999 2342 3055 ἀπέδωκαν,
2373 3006 2486 3056 τινὲς
2515 3006 2564 3048 δὲ
2590 3005 2663 3048 τὸν

281 3082 504 3141 κοπρῶνα,
535 3076 596 3130 ὠς
619 3076 857 3132 Ἱππῶναξ.
913 3080 1021 3122 Item
1051 3096 1092 3136 p.
1121 3083 1215 3131 557,
1243 3086 1299 3123 44
1327 3090 1421 3136 post
1450 3073 1540 3122 οἷον
1568 3095 1652 3122 non
1683 3071 1730 3135 ἦν
1756 3074 1852 3127 ὁδὸς
1880 3076 1924 3126 ἐς
1952 3070 2136 3133 λαύρην,
2168 3078 2238 3121 sed
2270 3072 2400 3120 οὐδὸν
2427 3074 2472 3128 ἐς
2500 3074 2663 3134 λαύρην

280 3154 321 3195 in
366 3154 539 3208 vulgato
575 3153 643 3194 Et.
676 3151 732 3193 M.
774 3160 894 3192 textu
936 3150 1135 3206 scriptum
1175 3160 1288 3203 erat,
1325 3167 1364 3194 V.
1401 3159 1546 3194 annot.
1577 3152 1694 3194 Frid.
1733 3148 1942 3206 Sylburgii
1981 3148 2034 3190 ad
2077 3149 2117 3190 h.
2160 3149 2185 3192 l.
2252 3150 2438 3191 Eandem
2482 3150 2661 3205 denique

281 3225 509 3267 accusativi
544 3225 719 3268 formam
757 3222 1003 3264 confirmare
1040 3222 1205 3265 videtur
1238 3223 1379 3279 glossa
1409 3223 1611 3280 Apionis,
1652 3224 1721 3266 Et.
1752 3223 1862 3263 Gud.
1894 3221 1957 3263 ed.
1988 3221 2114 3263 Sturz
2153 3237 2191 3277 p.
2223 3224 2303 3264 608
2334 3230 2442 3264 extr.
2472 3215 2597 3277 „mid
2607 3213 2632 3264 ό
2642 3235 2664 3263 ν

279 3297 485 3352 βατῆραα
514 3305 644 3355 atque
671 3295 786 3346 illud,
818 3294 930 3351 quod
961 3293 1073 3350 ipsae
1103 3292 1474 3352 interpretationes
1500 3295 1696 3351 βατῆρα,
1723 3284 1904 3346 βαθμόν
1934 3293 2022 3343 (Et.
2054 3293 2114 3335 M.
2146 3296 2250 3343 615,
2286 3297 2332 3335 12
2365 3302 2405 3336 et
2434 3293 2473 3335 in
2506 3293 2662 3348 Apion.

281 3368 357 3424 gl.)
397 3370 639 3411 accusativo
678 3383 778 3410 casu
816 3367 1005 3423 adjectae
1045 3373 1155 3408 sunt.
1213 3367 1415 3422 Corrupti
1445 3366 1591 3408 scholii
1625 3365 1736 3422 apud
1766 3366 1832 3407 Et.
1866 3365 1923 3407 M.
1954 3367 2057 3415 615,
2091 3367 2139 3405 12
2178 3365 2358 3420 primum
2397 3365 2571 3416 lemma,
2615 3374 2665 3409 ut

2072 3431 2137 3472 9*
