2955 3681
1464 74 1530 124 82

297 218 510 276 quaedam
534 218 722 276 partium
748 217 903 260 domus
929 217 1103 260 nomina
1129 231 1156 259 a
1181 217 1326 260 nativa
1354 218 1397 259 vi
1424 216 1553 274 plane
1581 217 1798 261 aberrasse
1826 218 2040 263 videntur.
2095 217 2242 274 Quum
2268 218 2380 262 enim
2408 218 2538 275 vulgo
2564 217 2692 276 plano

296 288 407 347 pedo
433 288 636 334 institutis
664 286 862 333 domibus
889 294 941 332 ut
966 287 1190 346 hypogaea
1218 289 1695 346 concamarationesque
1723 289 1925 346 (Vitruv.
1956 290 2036 344 VI,
2064 294 2091 334 8
2119 288 2223 349 [11],
2254 289 2328 348 1),
2365 291 2424 334 ita
2451 289 2692 348 superiora

295 359 633 419 contignationes
661 358 980 417 (vitrum-Vll,
1002 364 1040 413 1,
1064 359 1105 418 1)
1134 371 1353 419 opponere
1381 360 1582 413 solerent,
1609 360 1774 405 factum
1800 376 1894 407 esse
1922 363 2103 416 videtur,
2132 371 2183 409 ut
2208 363 2253 408 in
2280 362 2476 407 domibus
2504 362 2691 421 plurium
2727 360 2732 368 “

295 433 687 492 contignationum,
733 447 917 491 quarum
959 440 1051 477 tum
1091 429 1213 490 τέγος
1251 439 1343 476 tum
1375 429 1583 489 κατάγεια
1614 432 1781 491 proprie
1817 433 1931 479 dicta
1968 443 2111 494 partes
2137 443 2257 481 erant
2285 435 2496 487 diversae,
2542 443 2692 493 postea

295 513 536 563 utroque
569 504 786 548 nomine
822 512 869 549 et
897 503 1118 562 superiora
1144 511 1190 547 et
1217 504 1415 548 inferiora
1442 505 1552 556 loca,
1580 513 1628 547 ut
1655 504 1765 548 inter
1793 520 1840 549 se
1869 508 2101 564 conjuncta
2128 515 2171 553 et
2197 508 2326 567 plano
2357 507 2466 566 pede
2489 505 2691 551 institutis

293 574 506 635 opposita,
531 576 775 636 promiscue
803 575 1133 635 appellarentur.
1192 575 1302 620 Sunt
1328 577 1460 631 igitur
1486 576 1584 634 τέγη
1611 584 1653 620 et
1683 577 1832 619 similia
1858 579 2067 623 vocabula
2096 594 2133 622 v.
2161 595 2289 639 supra
2312 579 2371 630 11,
2398 582 2424 622 9
2453 587 2496 622 et
2527 582 2579 621 10
2606 593 2690 622 non

295 648 425 694 modo
453 643 664 706 ὑπερῷα,
701 664 744 692 v·
771 646 889 692 Suid.
919 654 964 691 et
990 647 1094 692 Hes.
1122 647 1164 691 in
1191 663 1253 699 v.,
1282 655 1326 691 et
1357 667 1379 689 s
1395 663 1611 698 camerae,
1638 646 1877 705 pergulaea
1909 649 1956 699 (i.
1988 664 2026 691 e.
2054 657 2198 705 partes
2226 652 2376 693 domus
2404 651 2620 706 projectae
2647 657 2691 692 et

295 719 339 764 in
365 718 586 778 superiore
613 726 658 763 et
685 719 727 763 in
755 717 956 763 inferiore
985 718 1133 774 domo,
1162 718 1284 763 Rein.
1312 718 1365 763 ad
1396 719 1526 763 Beck.
1557 718 1669 762 Gall.
1697 718 1755 770 II,
1782 719 1907 776 201),
1936 720 2010 763 sed
2040 721 2168 764 etiam
2198 715 2312 764 οἶκοι
2340 713 2593 777 πρόςγειοι,
2637 722 2690 766 cf.

293 790 452 835 Suidae
479 790 665 848 glossam
695 806 706 834 τ
737 789 888 848 Τέγος.
917 789 1065 849 στέγη·
1096 783 1125 848 ἢ
1152 785 1366 849 ὑπερῷον,
1397 782 1632 845 δωμάτιον,
1659 786 1775 834 οἰκία
1802 784 2107 848 πρόςγειος
2134 792 2253 848 (coll.
2282 794 2351 837 Et.
2381 792 2444 835 M.
2474 796 2567 843 749,
2596 796 2650 835 46
2679 810 2691 836 ε

296 862 427 922 Ἰέγη,
456 856 688 919 δωμάτιον,
718 862 856 922 στέγη,
885 859 1029 908 οἰκία·
1065 861 1139 907 καὶ
1166 861 1320 920 τέγεοι,
1348 857 1603 920 ὑπερῷοι
1630 859 1806 921 ὑψηλοί,
1835 855 1861 918 ἢ
1886 855 2018 913 οἶκοι,
2046 861 2232 920 στοαί).
2256 889 2301 897 -
2333 864 2402 908 Ει.
2423 864 2484 908 M.
2505 867 2692 922 p.19‚8=

293 930 441 998 ι’ίᾷυτα
466 927 544 979 οὖν
568 931 626 978 τοὶ
653 928 803 993 ἀφανῆ
828 934 901 978 καὶ
929 931 1071 988 mixta
1099 934 1183 977 τοῦ
1209 933 1307 990 (sic)
1337 932 1492 991 ἱερῶν,
1534 927 1630 977 οἷον
1665 927 1890 991 ὀροφαὶ,
1928 927 2049 977 οἶκοι
2087 927 2345 990 ὑπόγειοι
2380 933 2606 979 σκοτεινοί.
2635 960 2692 967 -

295 1006 463 1051 Polluc.
494 1007 652 1050 Onom.
682 1006 784 1058 VII,
818 1010 894 1050 123
920 1005 1116 1067 κατῆλιψ
1143 1001 1170 1063 ἡ
1193 999 1409 1063 μεσόδμῃ.
1436 998 1600 1063 κάπνην
1626 1005 1677 1049 δὲ
1705 1006 1778 1049 καὶ
1805 998 2083 1062 καπνοδόκην
2107 1000 2311 1057 Εὔπολις
2337 1001 2391 1050 τό
2416 1006 2495 1060 μὲν
2522 1006 2693 1064 εἴρηκεν

292 1076 342 1121 ἐν
370 1071 590 1134 Βάπταις,
618 1074 672 1121 τό
699 1076 751 1121 δὲ
778 1075 824 1121 ἐν
849 1073 1029 1134 Δήμοις.
1088 1077 1226 1135 λέγειν
1263 1077 1302 1120 δ’
1331 1074 1425 1121 ἔστι
1463 1077 1537 1121 καὶ
1575 1069 1838 1132 κατάγεια
1879 1072 2098 1135 οἰκήματα
2137 1076 2212 1120 καὶ
2257 1073 2506 1133 ὑπόγεια.
2564 1075 2626 1123 ε”νι
2653 1078 2692 1121 δ’

291 1146 440 1193 εἰπεῖν
466 1148 600 1193 λίθον
626 1144 807 1207 σκληρόν
835 1148 910 1193 καὶ
939 1147 1073 1192 λίθον
1099 1145 1317 1207 πώρινον,
1342 1149 1552 1206 siquidem
1582 1149 1689 1192 haec
1719 1150 1875 1201 omnia,
1904 1156 1953 1193 ut
1982 1165 2109 1206 supra
2137 1149 2415 1206 conjecimus,
2448 1150 2692 1194 continuata

293 1221 480 1277 legenda
505 1228 550 1264 et
577 1221 631 1263 ad
659 1219 858 1280 κατῆλιψ
897 1221 922 1264 i.
950 1236 986 1264 e.
1015 1216 1238 1279 μεσόδμῃ,
1277 1219 1401 1277 τέγος
1438 1220 1665 1264 referenda
1703 1228 1813 1265 sunt.
1869 1221 2091 1265 Postremo
2124 1235 2269 1265 vocem
2302 1219 2522 1272 συνοικίας
2547 1221 2691 1274 affero,

292 1307 405 1351 quae
433 1299 605 1350 praeter
632 1292 814 1336 insulam
844 1292 1050 1337 domuum
1079 1293 1205 1336 etiam
1236 1308 1362 1335 unam
1394 1292 1597 1343 domum,
1640 1293 1679 1335 in
1711 1308 1795 1348 qua
1822 1293 1944 1335 multi
1981 1293 2198 1343 habitant,
2241 1293 2690 1336 coenaculariam

295 1366 469 1408 domum
497 1364 684 1420 plurium
714 1363 1104 1420 contignationum‚
1145 1362 1316 1407 indicat.
1375 1363 1543 1407 Tamen
1586 1363 1788 1407 Budaeus
1831 1364 2094 1420 grammatici
2135 1364 2355 1420 cujusdam
2400 1364 2528 1407 verba
2569 1364 2692 1408 affert

294 1436 400 1479 haec
427 1451 439 1478 ι
469 1436 529 1491 (ν.
558 1435 614 1478 Η.
646 1435 794 1493 Steph.
823 1435 955 1479 Thes.
983 1435 1048 1479 ed.
1076 1434 1212 1478 Paris.
1242 1434 1287 1478 in
1318 1437 1378 1489 ν.)
1405 1435 1573 1492 Διῆρες
1600 1428 1807 1485 Ἀττικῶς
1833 1430 1884 1478 τὸ
1911 1431 2118 1492 ὑπερῷον
2136 1449 2147 1461 ’
2188 1432 2242 1478 τὸ
2273 1434 2324 1478 δὲ
2349 1427 2690 1491 κατάγαιον,

293 1506 492 1561 ξυνοικία
520 1505 707 1562 λέγεται.
739 1531 793 1539 -
821 1531 877 1539 -
905 1502 1117 1549 Contra
1147 1506 1324 1562 scriptor
1353 1505 1504 1549 scholii
1532 1506 1730 1561 Vulgati,
1764 1507 1968 1565 siquidem
1998 1521 2182 1551 vocem
2209 1506 2358 1562 τέγεος
2383 1507 2691 1562 interpretatus

292 1587 372 1629 est,
401 1577 544 1622 verbis
574 1570 829 1635 »κατάγειος
855 1571 1025 1629 elatos«,
1056 1592 1311 1636 quamquam
1341 1577 1472 1633 vulgo
1505 1573 1767 1634 »κατάγειαα
1799 1585 1844 1622 et
1875 1578 2151 1622 subterranea
2177 1574 2392 1633 οἰκήματα
2421 1579 2693 1623 nominantur

290 1651 423 1706 (Xen.
453 1650 597 1693 Anab.
626 1649 708 1702 IV,
738 1653 778 1701 5,
810 1650 898 1706 25),
929 1650 973 1692 et
1000 1649 1222 1693 inferiores
1253 1650 1403 1692 domus
1433 1650 1658 1705 cujusdam
1688 1658 1829 1708 partes
1860 1650 2216 1709 (Erdqeschosse)
2244 1649 2528 1708 superioribus
2557 1666 2690 1708 oppo-

293 1723 422 1773 sitae,
466 1721 520 1764 cs.
559 1720 690 1764 Dion.
720 1721 818 1764 Hal.
848 1722 971 1764 Rom.
1001 1722 1182 1777 Antiqu.
1216 1725 1280 1771 10,
1309 1725 1362 1762 32
1401 1728 1445 1763 et
1483 1721 1627 1763 locum
1658 1721 1873 1764 Athenaei
1904 1735 2034 1778 supra
2063 1737 2104 1778 p.
2134 1725 2201 1771 38,
2232 1737 2272 1764 v.
2304 1724 2376 1772 12,
2418 1728 2611 1764 uteretur
2638 1722 2693 1764 ad

291 1800 426 1836 totam
454 1789 604 1848 τέγους
631 1800 891 1836 structuram
921 1793 965 1848 (i.
994 1807 1030 1836 e.
1060 1792 1297 1835 aedificium
1329 1792 1549 1848 superiore
1579 1792 1894 1848 contignatione
1924 1800 2142 1844 ornatum,
2169 1806 2254 1835 non
2282 1792 2411 1850 plano
2439 1792 2549 1849 pede
2577 1792 2692 1835 aedi·

292 1864 501 1919 ficetum)
543 1863 877 1920 significandam.
932 1864 1191 1919 Exemplum
1240 1863 1431 1917 ejusdem
1474 1863 1589 1905 vocis
1632 1864 1781 1906 eodem
1824 1863 1949 1905 modo
1992 1863 2222 1906 translatae
2264 1862 2467 1906 desidero.
2525 1862 2691 1907 Tamen

292 1934 406 1979 malo
433 1943 588 1992 putare
618 1935 887 1979 scholiastam
916 1943 1005 1978 tam
1033 1935 1263 1978 insolenter
1293 1935 1488 1976 locutum
1519 1950 1613 1977 esse
1640 1941 1714 1975 aut
1743 1934 1958 1976 librarium
1988 1935 2098 1976 hanc
2127 1947 2277 1977 vocem
2307 1931 2609 1990 ,,καταγειόυ“ί
2639 1948 2692 1978 ex

292 2003 616 2065 »καταγωγίουα
649 2005 722 2062 (cf.
753 2021 1034 2064 synonymam
1065 2006 1183 2051 vocis
1207 2000 1450 2064 κατήλιφος
1477 2005 1504 2048 i.
1535 2021 1572 2048 e.
1600 2003 1747 2059 τέγους
1772 2005 2159 2062 interpretationem
2189 2020 2319 2062 supra
2347 2020 2389 2062 p.
2419 2009 2494 2056 33,
2525 2021 2564 2047 v.
2594 2010 2622 2047 4
2650 2014 2692 2049 et

291 2094 333 2138 p.
362 2080 415 2123 52
446 2078 578 2137 extr.)
606 2077 789 2131 finxisse,
820 2093 948 2137 quam
977 2077 1091 2137 apud
1121 2085 1289 2136 poetam
1318 2078 1442 2122 aliam
1470 2077 1566 2121 voci
1598 2075 1767 2132 »τέγοςα
1800 2077 2148 2132 significationem
2178 2078 2426 2119 immiscere.
2474 2078 2559 2129 Qui
2589 2079 2690 2134 quid

291 2151 372 2193 hac
402 2165 511 2194 voce
539 2151 841 2209 appellaverit,
870 2158 985 2194 recte
1014 2150 1189 2208 colliges
1219 2165 1274 2194 ex
1303 2149 1383 2201 VI,
1414 2152 1495 2192 248
1527 2147 1690 2205 »τέγεοι
1721 2139 1947 2201 θάλαμοια
1977 2149 2004 2192 i.
2036 2163 2073 2193 e.
2102 2144 2301 2206 ὑπερῷοι
2330 2144 2408 2192 ἐπὶ
2433 2148 2515 2192 τοῦ
2540 2146 2691 2206 τέγους

289 2216 621 2280 φ’κοδομημένοι
651 2223 805 2277 (schol.
835 2223 949 2279 Lips.
981 2223 1048 2266 ed.
1077 2223 1281 2277 Bachm.),
1310 2214 1513 2277 ἄνώγειοι
1541 2222 1738 2264 Eustath.
1765 2223 1818 2265 ad
1847 2222 1873 2265 l.
1902 2222 1930 2264 l.

432 2293 597 2348 Quodsi
637 2308 690 2337 ex
728 2294 798 2346 iis,
841 2308 952 2351 quae
983 2309 1111 2351 supra
1142 2293 1470 2352 disputavimus,
1516 2291 1863 2336 verisimillimum
1892 2291 2053 2336 factum
2083 2299 2171 2343 est,
2213 2291 2256 2335 in
2284 2291 2442 2348 hymno
2470 2293 2512 2334 in
2541 2292 2686 2335 Cerer.

286 2362 432 2419 μυχόν
459 2366 551 2408 oeci
580 2365 768 2407 virorum
792 2364 926 2420 janua
954 2364 1085 2408 fuisse
1111 2373 1329 2416 ornatum,
1366 2364 1456 2422 jam
1484 2370 1789 2419 cognoscetur,
1836 2378 1913 2407 cur
1941 2364 1985 2407 in
2013 2362 2232 2407 Theocriti
2260 2370 2304 2406 et
2333 2362 2553 2419 Sophoclis
2581 2362 2687 2405 locis

291 2436 504 2479 thalamos
527 2437 662 2493 janua
690 2437 743 2479 ab
772 2450 878 2479 oeco
906 2436 974 2478 vel
1004 2451 1029 2479 a
1057 2435 1154 2478 foco
1182 2437 1271 2479 oeci
1299 2435 1491 2479 seclusos
1521 2441 1639 2477 certo
1668 2434 1779 2477 inter
1807 2434 2034 2478 mulierum
2064 2433 2216 2477 domus
2243 2441 2385 2490 partes
2413 2432 2569 2476 referre
2597 2435 2688 2476 ausi

291 2522 376 2549 non
406 2508 551 2550 simus.
608 2507 725 2560 Quin
752 2507 879 2551 etiam
907 2506 1007 2557 fuit,
1050 2521 1182 2564 quum
1212 2508 1254 2550 in
1282 2507 1420 2550 verbis
1448 2504 1613 2548 κοῖλα
1642 2497 1822 2558 σταθμά
1851 2512 1893 2550 et
1922 2503 2084 2549 κοῖλα
2110 2503 2289 2562 κλῇθρα
2316 2503 2449 2560 ipsius
2479 2504 2533 2546 ad
2555 2499 2689 2556 μυχόν

289 2578 432 2619 aditus
461 2578 811 2634 significationem
840 2578 974 2620 latere
1003 2583 1212 2634 putarem.
1266 2578 1337 2621 Ac
1374 2590 1526 2621 revera
1565 2574 1785 2633 utriusque
1824 2583 1976 2634 poetae
2011 2575 2152 2621 verbis
2188 2574 2311 2619 illum
2348 2574 2515 2620 aedium
2544 2575 2686 2619 locum

291 2648 417 2691 valde
443 2649 811 2691 accommodatum
840 2663 936 2691 esse
967 2663 1098 2705 supra
1129 2648 1440 2692 demonstrasse
1471 2648 1573 2690 mibi
1600 2647 1759 2691 videor.
1818 2647 1903 2691 Sed
1933 2648 1986 2693 de
2016 2646 2254 2692 nominibus
2284 2646 2364 2690 illis
2392 2646 2545 2691 forium
2574 2662 2688 2692 nunc

289 2734 335 2763 re
361 2719 871 2777 prudentiusretractata
898 2718 1021 2763 aliter
1043 2719 1204 2775 judico.
1261 2720 1416 2764 Verbis
1446 2720 1664 2763 Theocriti
1693 2736 1704 2762 z
1735 2712 1903 2778 »Ὠρσεν
1931 2713 2212 2778 (δράκοντας)
2241 2717 2318 2763 ἐπὶ
2347 2713 2513 2762 πλατὺν
2539 2712 2688 2772 odedu,

289 2785 371 2834 ὅθι
397 2788 585 2845 σταθμοὶ
615 2790 747 2835 κοῖλα
773 2787 963 2849 θυρα’ων
989 2789 1147 2836 Οἵκωιι
1191 2799 1347 2835 certam
1394 2792 1606 2850 quandam
1644 2792 1816 2848 januam
1862 2793 2038 2837 indicari
2078 2792 2322 2836 etiamnunc
2363 2800 2482 2849 puto.
2539 2792 2689 2849 Neque

290 2865 403 2908 enim
433 2859 574 2909 dicere
604 2864 774 2909 videtur
802 2872 929 2921 poeta
959 2864 1048 2907 „ad
1079 2879 1177 2907 eum
1205 2864 1356 2909 liminis
1384 2865 1549 2917 locum,
1579 2864 1650 2908 ubi
1679 2873 1821 2923 postes
1849 2866 2003 2909 forium
2032 2864 2181 2908 domus
2209 2872 2307 2908 sunt
2335 2864 2459 2908 cavia
2491 2866 2560 2916 (ut
2586 2862 2690 2908 feles

289 2939 475 2993 irrepere
499 2938 686 2994 possint,
728 2953 767 2980 ν.
798 2944 1005 2980 annotatt.
1035 2936 1088 2979 ad
1118 2937 1158 2978 h.
1187 2937 1214 2978 l.
1244 2938 1285 2979 in
1314 2937 1554 2981 novissimis
1584 2935 1802 2980 Fritzschii
1829 2944 1872 2980 et
1900 2937 2130 2993 Hartungii
2156 2935 2454 2991 editionibus),
2496 2935 2570 2979 sed
2601 2935 2689 2979 »ad

290 3008 425 3051 latum
453 3007 606 3064 limen,
647 3009 721 3051 ubi
759 3009 851 3052 oeci
885 3008 1042 3052 forium
1083 3009 1176 3051 cavi
1217 3016 1362 3065 postes
1401 3015 1500 3053 sunt
1512 3023 1549 3051 α.
1607 3006 1735 3061 Quod
1763 3009 1889 3053 limen
1918 3008 1952 3053 si
1981 3007 2073 3066 quis
2103 3007 2214 3054 dicat
2240 3008 2529 3053 substructum
2558 3006 2690 3051 fuisse

286 3080 344 3135 τῇ
378 3078 590 3137 ἐγγυτέρω
626 3075 746 3138 πύλῃ
780 3096 806 3123 a
840 3081 1071 3123 Plutarcho
1109 3087 1461 3125 commemoratae
1497 3079 1561 3123 his
1588 3079 1723 3123 verbis
1751 3079 2087 3138 (Apophthegm.
2116 3079 2275 3125 Lacon.
2304 3076 2558 3135 Leotychid.
2586 3077 2687 3122 Ari-

289 3151 420 3194 stonis
448 3151 521 3194 filii
549 3156 600 3207 2,
642 3168 683 3208 p.
713 3155 795 3193 215
823 3153 891 3194 ed.
921 3153 1127 3202 Hutten.,
1169 3152 1254 3193 vol.
1283 3152 1347 3206 11,
1390 3168 1431 3209 p.
1463 3154 1542 3193 140
1571 3150 1637 3193 ed.
1667 3151 1938 3205 Tauchnitz.)
1969 3166 1980 3193 ε
2010 3183 2032 3207 ‚‚
2054 3151 2127 3208 Τῇ
2154 3151 2192 3194 δ’
2231 3148 2500 3207 ἐγγυτέρω
2541 3143 2689 3208 πύλῃ

289 3215 526 3280 δράκοντος
552 3220 662 3282 περὶ
687 3216 763 3283 τήν
789 3222 908 3266 κλεῖν
934 3219 1190 3277 ἑλιχθέντος
1217 3221 1419 3278 (fortasse
1446 3215 1636 3281 ὄροφίου
1664 3221 1717 3266 cf.
1747 3223 1941 3268 Eustath.
1977 3226 2094 3277 1448,
2124 3224 2222 3279 63),
2261 3221 2336 3266 καὶ
2372 3222 2460 3264 τῶν
2492 3216 2690 3275 μάντεων

287 3293 423 3352 τέρας
448 3289 819 3354 ἀποφαινομένων
847 3290 983 3347 εἶναι,
1014 3289 1126 3338 Οὕτι
1156 3291 1314 3351 ἔμοιγ’,
1352 3291 1459 3352 ἔφη,
1497 3293 1641 3346 δοκεῖ,
1680 3290 1771 3337 ἀλλ’
1797 3291 1838 3338 εἰ
1865 3290 1893 3352 ἦ
1920 3291 2040 3344 κλεὶς
2064 3294 2129 3350 τῷ
2158 3290 2364 3352 δράκοντι
2388 3291 2691 3351 περιειλίχθη,
