2955 3681
19 294 30 304 ⁴
28 251 41 263 ι
18 178 42 235 ,τῃ
0 0 42 173 fflffi

1400 48 1464 96 45

247 199 356 244 „Ad
391 198 567 242 focum
604 191 780 236 hieme
809 206 869 234 ae
909 190 1212 249 frigoribus
1250 194 1544 246 coenitabant,
1582 194 1745 238 aestivo
1780 201 1971 254 tempore
2007 195 2049 238 in
2086 195 2412 253 propatulo,
2455 210 2553 239 rure
2581 195 2625 239 in

246 277 377 326 corte,
405 269 448 312 in
477 266 582 310 urbe
610 263 652 307 in
681 262 885 314 tabulino,
915 263 1027 322 quod
1054 264 1320 308 maenianum
1340 280 1568 324 possumus
1597 265 1844 324 intellegere
1871 266 2022 310 tabulis
2039 267 2329 311 fabricatum«
2351 291 2404 300 —-
2424 270 2624 311 Alter·

246 343 462 402 quaestio,
499 352 625 397 quam
664 334 908 380 solvendam
947 336 1244 394 proponimus,
1282 337 1335 380 ad
1370 337 1509 396 ipsum
1535 330 1774 396 μελάθρου
1800 353 1951 382 nomen
1982 340 2177 398 pertinet.
2235 339 2471 393 Quaerenti
2499 340 2623 389 enim,

246 415 319 473 qui
346 415 506 457 factum
535 410 601 459 sit,
631 415 679 449 ut
703 406 947 465 μέλαθρον,
977 408 1092 465 quod
1112 410 1275 453 trabem
1304 409 1416 452 illam
1445 419 1727 467 transversam
1754 412 1847 454 oeci
1878 412 2060 454 virorum
2090 412 2361 468 significabat,
2390 412 2443 453 ad
2463 412 2626 455 culinae

245 490 288 530 et
322 483 597 542 penetralium
636 480 727 524 oeci
766 479 849 522 vim
880 479 1164 536 aberraverit,
1203 496 1335 538 quum
1364 489 1532 526 ceterae
1561 498 1710 535 voces,
1756 498 1885 540 supra
1914 485 1954 526 A
1986 499 2122 541 usque
2151 484 2204 526 ad
2234 484 2299 536 E,
2337 484 2390 526 ab
2432 484 2625 540 ejusdem

245 557 372 600 trabis
415 553 723 611 significatione
763 552 814 593 ad
858 543 1067 609 ὑπερῴου
1095 554 1313 608 cujusdam
1343 554 1423 596 vim
1455 554 1608 597 ductae
1637 554 1744 605 sint,
1781 563 1918 605 recte,
1949 555 2097 606 credo,
2136 556 2397 611 respondebo
2429 563 2628 612 „propter

246 630 378 685 ipsam
409 625 523 667 vocis
552 625 795 679 originem«
852 622 1097 679 Μέλαθρον
1124 625 1256 675 enim,
1286 615 1312 666 a
1337 624 1475 677 μέλας
1500 626 1780 682 appellatum,
1809 625 2022 681 aptissime
2051 641 2121 669 eas
2152 625 2303 667 domus
2333 635 2471 681 partes
2498 626 2626 683 signi·

245 699 418 748 ficabat,
466 709 575 752 quae
617 694 735 737 fumo
772 694 952 738 maxime
991 694 1208 752 subjectae
1251 694 1520 751 nigerrimum
1556 696 1774 739 traherent
1802 692 2007 747 colorem,
2044 705 2090 738 ut
2127 696 2303 739 mediam
2345 696 2473 738 trabis
2515 697 2624 739 illius

246 780 410 830 partem
446 777 489 811 et
526 768 661 824 ipsum
697 766 839 819 μυχοῦ
872 767 1010 809 locum
1054 766 1162 810 trabi
1200 767 1259 810 illi
1300 768 1600 822 subjacentem.
1667 770 1710 811 A
1752 768 1870 811 nobis
1910 783 2009 810 vero
2047 768 2169 820 facit,
2221 769 2333 825 quod
2370 768 2623 811 simillimum

247 841 455 901 antiqui
484 839 612 883 atrii
640 839 780 882 locum
811 838 863 881 ab
892 847 984 882 atro
1014 840 1157 884 colore
1186 840 1439 897 appellatum
1471 855 1563 884 esse
1594 841 1751 884 dicunt.
1781 838 1784 841 ’
1809 840 1890 883 Th.
1922 840 2171 884 Mommsen.
2203 842 2320 883 Ram.
2353 841 2493 883 Gesch.
2523 840 2624 897 Lpz.

259 915 425 959 Weidm.
458 913 587 964 1854,
617 912 741 955 Tom.
770 912 806 962 Ι,
836 928 876 969 p.
912 913 957 954 17
988 913 1045 954 ita
1073 929 1083 955 ε
1117 914 1236 955 ”Das
1260 913 1509 970 yriechische
1537 915 1684 964 Hau-9,
1722 914 1801 956 wie
1829 913 1980 955 Homer
2008 929 2051 956 es
2079 914 2224 967 kennt,
2268 915 2324 955 ist
2351 914 2406 955 im
2448 913 2626 955 Wesent-

245 987 374 1030 lichen
403 984 600 1033 dasselbe,
630 982 708 1026 das
736 983 780 1026 in
809 982 960 1026 Italien
989 984 1205 1041 bestiindzy
1231 982 1498 1041 festqehalten
1525 984 1646 1028 ward
1657 1000 1669 1036 ;
1698 986 1770 1027 das
1797 986 2040 1028 wesentlz‘clze
2068 984 2192 1028 Smek
2222 985 2311 1027 und
2338 984 2628 1040 urspriiuyliclt

246 1058 321 1101 der
344 1072 473 1114 yanze
510 1058 647 1098 innare
686 1053 933 1098 Wohnraum
958 1055 1029 1097 dea
1056 1056 1311 1099 lateinischen
1339 1054 1506 1100 Haases
1535 1057 1588 1100 ist
1613 1058 1692 1099 das
1719 1057 1882 1100 Atrium
1910 1057 1982 1100 mit
2010 1058 2101 1117 dem
2130 1056 2321 1111 libebat,
2366 1055 2455 1099 dem
2484 1055 2628 1099 Haus-

179 1130 181 1133 ’
241 1130 354 1172 altar
389 1127 479 1171 und
519 1126 611 1169 dem
639 1125 801 1177 Heerd,
838 1128 984 1170 dassen
1013 1126 1160 1170 Rauola
1196 1128 1264 1169 die
1291 1126 1433 1170 Decke
1471 1129 1670 1172 schwarzt
1700 1153 1752 1159 -
1793 1129 1922 1171 daher
1948 1130 2020 1171 der
2048 1130 2188 1171 Name
2216 1153 2269 1160 —
2297 1129 2383 1170 und
2409 1127 2540 1170 durch
2568 1130 2628 1170 ein

246 1201 360 1245 Loch
387 1204 430 1243 in
457 1198 657 1241 der-selben
684 1197 862 1248 abzieht;
891 1197 975 1241 ihm
1000 1198 1153 1256 yleieht
1178 1199 1380 1242 durchaus
1409 1198 1487 1242 das
1514 1199 1766 1242 homerische
1794 1199 1993 1256 Meqaron
2030 1204 2099 1242 mit
2125 1200 2355 1243 Hauealtar
2382 1200 2467 1241 und
2495 1199 2632 1241 Heerd

245 1274 333 1316 und
360 1271 740 1326 schwarzberzgfieter
767 1270 932 1312 Dee-keu
949 1302 961 1321 ‚
991 1272 1115 1312 modo
1144 1269 1185 1312 in
1218 1285 1323 1312 voce
1351 1269 1537 1328 μέγαρον
1566 1271 1801 1327 distinguas
1826 1270 1961 1325 μυχὸν
1984 1268 2180 1328 μεγάρου
2214 1273 2240 1313 i.
2270 1287 2306 1314 e.
2334 1270 2561 1327 μέλαθρον
2588 1280 2629 1313 et

247 1346 488 1386 universum
527 1341 732 1398 μέγαρον,
770 1336 891 1384 οἷκον
922 1342 1020 1385 foco
1050 1340 1494 1399 περιῳκοδομημένον
1522 1355 1582 1396 (v.
1611 1359 1739 1400 supra
1767 1343 1831 1394 11,
1862 1361 1904 1401 p.
1939 1347 1986 1386 19
2016 1344 2092 1385 sub
2122 1345 2275 1397 extr.),
2319 1343 2450 1385 verba
2484 1350 2624 1384 autem

246 1416 507 1472 „Hausaltar
533 1414 620 1456 und
646 1413 808 1455 Heerd“
839 1414 891 1455 ad
921 1429 1046 1455 unam
1076 1406 1272 1469 ἐσχάραν
1301 1414 1478 1465 referas,
1508 1430 1639 1471 quum
1669 1430 1740 1457 ara
1767 1425 1935 1472 praeter
1964 1415 2100 1471 ipsum
2133 1415 2248 1457 illum
2279 1415 2419 1457 focum
2450 1431 2473 1456 a
2502 1422 2628 1470 poeta

246 1503 327 1529 non
366 1487 406 1526 in
437 1487 586 1534 domo,
625 1486 697 1526 sed
727 1486 769 1526 in
799 1484 966 1527 aedium
997 1485 1092 1526 aula
1121 1494 1391 1542 memoretur.
1421 1511 1474 1516 —
1505 1486 1543 1528 E
1571 1485 1721 1528 ceteris
1750 1487 1964 1528 vocabulis
1991 1487 2138 1528 similia
2168 1486 2496 1542 significantibus
2527 1485 2626 1539 duo,

240 1551 415 1612 μεσόδ
423 1573 490 1614 μη
517 1558 542 1601 i.
563 1571 598 1599 e.
626 1553 852 1613 μεσοδόμη
875 1558 933 1607 (v.
955 1571 1084 1614 supra
1104 1572 1199 1613 pag.
1221 1560 1287 1608 30,
1308 1557 1448 1611 med.)‚
1478 1565 1520 1600 et
1549 1556 1827 1615 πέτευρον,
1856 1559 1942 1601 sive
1971 1556 2195 1613 πέταυρον,
2225 1556 2443 1614 πέδαυρον
2465 1557 2625 1601 aeolice

245 1647 323 1688 pro
351 1627 568 1687 μετέωρον
608 1629 765 1672 dictum
797 1644 889 1672 esse
918 1637 1043 1686 putas
1085 1628 1155 1682 (cf.
1187 1628 1304 1671 Pass.
1336 1629 1401 1671 ed.
1431 1631 1519 1671 ὀΐω
1548 1630 1589 1672 in
1622 1645 1660 1671 v.
1691 1638 1734 1673 et
1761 1631 2133 1685 grammaticorum
2165 1631 2276 1672 locos
2304 1629 2417 1686 apud
2447 1629 2630 1673 Ahrens.

244 1704 297 1746 de
342 1703 437 1745 dial.
483 1702 605 1744 Aeol.
639 1717 679 1757 p.
729 1704 828 1751 151,
878 1708 1016 1743 annot.
1060 1706 1086 1742 4
1129 1715 1226 1743 cum
1271 1700 1373 1743 Hes.
1419 1701 1459 1743 in
1504 1716 1543 1742 ν.
1590 1694 1729 1757 „firm
1766 1699 1811 1743 ἐν
1845 1694 2059 1757 μετεώρῳ
2094 1700 2289 1754 κείμενον
2325 1725 2380 1731 —-
2417 1699 2630 1758 πέτευρον

246 1774 413 1830 λέγεται
428 1775 496 1830 α),
555 1774 644 1817 sive
679 1771 891 1828 πέταυρον
931 1786 955 1814 a
1002 1770 1192 1823 πέτομαι
1242 1771 1417 1814 ductum
1471 1779 1597 1828 putas
1650 1772 1864 1824 (Lobeck.
1915 1773 2025 1829 path.
2071 1776 2149 1815 259
2203 1772 2303 1830 [par.
2350 1771 2494 1830 291]),
2537 1772 2629 1830 ipsa

245 1862 319 1889 sua
356 1846 514 1901 origine
551 1839 769 1900 ὑπερῴων
802 1843 947 1899 generi
991 1844 1117 1885 tribui
1155 1843 1362 1886 videntur.
1395 1868 1438 1874 —
1484 1843 1713 1902 Κατῆλιψ,
1753 1852 1800 1885 ut
1839 1846 1878 1886 in
1910 1846 1999 1900 ipsa
2034 1845 2196 1900 origine
2238 1844 2337 1885 nihil
2376 1845 2503 1894 inest,
2542 1859 2627 1900 quo

244 1917 297 1961 ad
324 1917 411 1961 sola
439 1913 624 1974 ὑπερῷα
652 1916 761 1959 hanc
791 1929 935 1959 vocem
965 1914 1122 1958 referre
1147 1914 1388 1971 jubeamur,
1418 1939 1470 1945 -
1499 1914 1599 1966 sive,
1630 1915 1671 1957 id
1701 1915 1815 1972 quod
1845 1914 1941 1957 olim
1974 1916 2108 1956 conati
2139 1930 2298 1966 sumus,
2329 1930 2354 1957 a
2383 1915 2523 1957 radice
2554 1914 2629 1970 λιβ

245 1997 287 2033 et
315 1988 529 2033 scindendi
559 1989 728 2032 notione
758 2002 850 2031 eam
884 1987 1024 2038 ducis,
1053 1987 1105 2029 cf.
1134 1986 1186 2030 de
1215 1987 1334 2029 aedd.
1362 1987 1396 2038 I,
1428 2002 1467 2043 p.
1497 1990 1680 2039 30—35‚
1717 1988 1804 2029 sive
1833 1980 1925 2029 ot'no'
1953 1988 2030 2028 τοῦ
2056 1981 2258 2044 ἀλείφειν
2284 1985 2413 2043 πηλῷ
2441 1987 2627 2029 nomina-

243 2069 328 2103 tam
358 2069 501 2117 putas,
545 2077 581 2102 v.
613 2060 744 2103 Bekk.
777 2060 940 2103 Anecd.
981 2075 1022 2115 p.
1058 2062 1162 2101 1200
1190 2066 1233 2101 et
1262 2058 1385 2101 Dind.
1416 2059 1456 2101 in
1486 2059 1683 2101 thesauro
1714 2059 1916 2115 Stephani
1947 2059 2011 2101 ed.
2041 2058 2172 2102 Paris.
2202 2060 2255 2100 ad
2286 2075 2325 2100 v.
2356 2067 2399 2101 et
2429 2073 2625 2115 compara

245 2122 373 2174 verba
402 2131 590 2175 Philonis
621 2131 766 2187 Belop.
809 2130 879 2172 lib.
914 2131 952 2171 V
990 2129 1034 2173 ἐν
1070 2121 1289 2186 ὐπερῴοις
1326 2128 1701 2182 διαλελειμμένοις
1738 2129 2111 2186 (διαληλιμμείὀις
2145 2134 2322 2186 repone)
2362 2129 2406 2171 ἐν
2447 2123 2625 2187 οἷμὸργῳ

244 2205 484 2246 Hemsterh.
514 2205 566 2244 ad
597 2203 703 2245 Poll.
732 2204 798 2252 X,
829 2207 907 2251 30,
946 2218 983 2244 n.
1013 2206 1065 2244 86
1109 2202 1203 2244 coll.
1233 2202 1342 2243 Plin.
1381 2201 1422 2242 h.
1453 2218 1493 2243 n.
1524 2204 1596 2251 35,
1628 2217 1663 2243 c.
1698 2206 1747 2243 14
1780 2201 1910 2243 „illini
1940 2202 2109 2256 quidem
2139 2212 2272 2243 crates
2299 2203 2505 2257 parietum
2536 2202 2624 2242 luto

243 2276 337 2331 quis
355 2276 521 2331 ignorat
535 2276 580 2316 ’ἔκ
610 2284 651 2316 et
672 2275 832 2316 Pallad.
862 2274 913 2316 de
943 2288 989 2315 re
1008 2289 1040 2315 r.
1074 2277 1109 2322 1,
1143 2276 1264 2314 19—-
1283 2275 1341 2314 ita
1370 2282 1483 2315 certe
1514 2289 1643 2315 causa
1671 2289 1756 2315 non
1786 2273 2014 2324 invenitur,
2043 2289 2173 2328 quare
2202 2289 2301 2329 prae
2333 2275 2484 2315 ceteris
2514 2273 2625 2315 voci·

243 2346 323 2387 bus
366 2346 541 2388 mediam
586 2346 699 2387 illam
744 2345 906 2386 trabem
951 2345 1012 2387 vel
1056 2345 1194 2385 locum
1239 2345 1338 2385 huie
1381 2344 1511 2386 trabis
1554 2345 1659 2400 parti
1696 2345 1978 2400 subjacentem
2010 2346 2212 2397 designet.
2244 2369 2297 2375 —-
2328 2345 2470 2386 Unum
2500 2345 2627 2399 igitur

244 2426 376 2458 restat
416 2417 671 2459 vocabulum
710 2411 911 2474 οἷντῆρις,
955 2417 1067 2472 quod
1106 2416 1193 2473 ipsa
1223 2415 1526 2472 significatione
1553 2414 1951 2472 ὑποστηρίγματος,
1992 2417 2058 2455 Et.
2090 2417 2188 2455 Gud
2219 2420 2292 2465 59,
2333 2421 2357 2456 3
2397 2417 2492 2456 coll.
2520 2416 2623 2456 Hes.

243 2502 368 2545 supra
406 2488 464 2537 B,
508 2490 642 2544 magis
681 2490 733 2529 ad
774 2485 978 2543 ΰπερῷον
1015 2503 1139 2543 quam
1180 2487 1232 2527 ad
1262 2481 1486 2543 πρόςγειον
1522 2481 1643 2528 οἶκον
1679 2497 1872 2544 spectare
1909 2489 2089 2528 videtur.
2161 2488 2379 2540 Originem
2419 2487 2531 2527 vocis
2570 2503 2621 2527 ex

244 2560 555 2615 praepositione
590 2554 686 2601 α’ντί
721 2561 905 2616 pendere
943 2567 1105 2600 certum
1134 2568 1222 2608 est,
1264 2562 1352 2601 sive
1389 2553 1599 2616 οἷντήρης,
1642 2561 1763 2614 cujus
1800 2576 2081 2615 paronymum
2119 2560 2301 2600 feminini
2336 2560 2502 2611 generis
2530 2574 2621 2599 esse

244 2629 407 2671 videtur
437 2623 632 2687 α’ντῆρις,
663 2627 960 2688 compositum*
979 2639 1104 2687 putas
1134 2644 1187 2671 ex
1217 2623 1315 2673 οἷντί
1343 2639 1385 2672 et
1413 2625 1535 2686 ἄρα),
1574 2631 1662 2674 sive
1691 2631 1948 2688 paragogico
1978 2631 2095 2672 exitu
2126 2631 2292 2681 fictum,
2333 2639 2380 2671 ut
2419 2622 2624 2683 ὀλιγήρης

243 2699 449 2755 (Lobeck.
478 2704 592 2759 path.
623 2704 729 2761 prol.
759 2719 800 2761 p.
832 2702 931 2756 267)
963 2710 1006 2744 et
1034 2693 1222 2758 οἷγχῆρης
1249 2702 1300 2744 ab
1330 2696 1429 2759 ἄγχι
1458 2713 1633 2747 auctore
1652 2705 1799 2746 Rostio
1829 2704 1881 2745 ad
1912 2720 1949 2744 v.
1981 2705 2020 2745 in
2051 2705 2113 2745 ξ)αἱ
2140 2704 2206 2744 ed.
2228 2702 2346 2744 lexici
2366 2700 2620 2744 Passoviani.

242 2771 349 2814 Inde
375 2781 491 2815 certo
521 2774 700 2816 efficitur
729 2776 812 2816 vim
846 2773 1089 2829 „fulciendi7
1119 2773 1347 2825 adnitendi,
1378 2775 1636 2818 acclinandia
1664 2776 1705 2818 in
1735 2789 1837 2816 voce
1866 2776 2001 2817 inesse
2032 2775 2194 2816 debere.
2254 2774 2412 2815 Contra
2441 2773 2620 2816 dubitari

244 2844 361 2896 licet,
398 2853 577 2887 utrum
617 2838 847 2904 ἆντήριδος
884 2849 907 2889 i.
943 2862 978 2889 e.
1005 2843 1229 2903 μεσόδμης
1257 2862 1411 2889 nomen
1440 2849 1614 2890 ductum
1644 2849 1697 2890 sit
1729 2864 1753 2889 a
1782 2847 2012 2889 tibicinibus
2041 2846 2119 2887 illis
2148 2845 2190 2886 in
2220 2845 2339 2887 berro
2369 2846 2429 2900 (ν.
2460 2846 2621 2899 glossas

242 2924 405 2958 veteres
425 2932 553 2973 supra
572 2918 611 2958 in
634 2919 669 2960 B
700 2927 742 2960 et
771 2920 932 2969 adhibe,
962 2920 995 2959 si
1024 2919 1097 2960 tibi
1128 2919 1350 2969 videbitur,
1381 2920 1434 2960 ad
1465 2920 1686 2961 obscuram
1718 2919 1876 2961 „berria
1908 2933 2051 2959 vocem
2075 2917 2338 2959 enodandam
2361 2917 2620 2959 Graecorum

242 2978 373 3042 βάριν
400 2988 425 3031 i.
454 3003 489 3030 e.
518 2980 700 3044 πύργον,
731 2990 884 3046 κλίνην,
914 2982 1057 3046 αὐλήν,
1087 2983 1243 3042 στοάν,
1271 2983 1461 3046 μεγάλην
1488 2987 1644 3041 οἰκίαν,
1674 2989 1899 3043 ξυνοικίαν,
1928 2981 2241 3044 περιάμφοόον
2260 2989 2330 3030 Et.
2353 2989 2412 3031 M.
2440 2993 2528 3039 188,
2548 2993 2621 3039 3Ο;

243 3055 430 3112 Hesych.
455 3057 572 3103 Suid.
592 3061 633 3103 in
654 3077 690 3105 v.
713 3054 886 3119 βάρεις,
917 3062 1105 3105 Valcken
1136 3062 1188 3104 ad
1210 3063 1410 3105 Ammon.
1440 3078 1480 3118 p.
1509 3066 1576 3104 44.
1605 3065 1672 3113 45,
1695 3060 1879 3103 Vitruvii
1910 3060 2163 3103 nbaricae
2192 3060 2368 3117 phalae«
2392 3060 2470 3112 ΙΙΙ,
2492 3064 2518 3102 3
2541 3059 2621 3115 (2),

245 3129 283 3177 5,
304 3129 554 3183 quibuscum
576 3132 820 3178 Schneider.
841 3134 883 3177 in
905 3134 931 3177 l.
951 3134 978 3176 l.
1000 3133 1212 3190 componit
1243 3140 1581 3190 »suggestum
1611 3133 1771 3176 faleris«
1796 3132 1974 3175 Varron.
2005 3147 2040 3174 r.
2069 3146 2101 3175 r.
2128 3136 2167 3182 3,
2199 3135 2238 3183 5,
2271 3136 2332 3184 14,
2362 3133 2388 3173 i.
2409 3147 2444 3173 e.
2467 3132 2621 3173 humile

243 3198 414 3255 podium
445 3201 486 3243 in
514 3203 779 3259 ornithone),
824 3206 979 3263 quibus
1007 3197 1235 3262 μεσόδμης
1263 3200 1416 3256 δοκός,
1447 3200 1658 3263 ἰκρίωμα,
1689 3205 1815 3245 immo
1845 3210 1981 3245 totum
2010 3200 2214 3261 ὑπερῷον
2241 3203 2392 3244 fultum
2422 3212 2531 3254 erat,
2561 3217 2621 3244 an

243 3270 333 3325 ipsa
388 3272 501 3312 trabs
544 3281 804 3327 transversa,
853 3279 1010 3336 quippe
1056 3277 1123 3320 cui
1162 3274 1364 3333 ὑπερῷον
1389 3277 1629 3334 impositum
1658 3283 1791 3325 esset,
1829 3275 1951 3315 fulcri
1991 3276 2157 3318 nomine
2193 3276 2403 3332 appellata
2448 3276 2521 3324 sit,
2561 3290 2624 3315 an

2071 3346 2093 3383 7
