2955 3681
1445 96 1511 144 ⁵6

272 238 324 304 ἣν
355 242 449 291 ἔδει
485 238 699 302 α’ναβῆναι
740 238 840 288 διό
876 256 1022 294 τινος
1058 239 1350 297 κλίμακος.
1400 233 1637 286 δύναται
1674 239 1734 285 δὲ
1769 241 1864 286 καὶ
1903 242 2169 286 διἀυτοῦ
2203 245 2306 301 (eie)
2342 236 2551 293 ἄνοδος
2590 243 2674 293 τὶς

273 317 387 374 (sic)
415 311 564 362 εἶναι
592 315 845 375 φέρουσα
873 313 966 360 ἐπὶ
1006 311 1096 374 τὴν
1123 307 1303 371 θύραν
1328 304 1541 371 ταύτην.
1569 312 1746 370 εἶρηται
1772 311 1901 372 παρὰ
1929 312 1983 357 τό
2009 308 2184 372 ὅρούειν
2209 312 2279 360 ἐπ’
2307 308 2449 373 αὔτήν.
2478 313 2594 372 λέγει
2620 313 2673 360 δὲ

275 387 526 448 Σιμωνίδης
550 377 841 442 κακοσχόλως,
873 384 963 432 Καὶ
991 385 1068 446 τῆς
1093 378 1292 432 ὄπισθεν
1318 378 1567 444 ὄρσο-θύρης
1592 378 1790 444 ἧλσόμην
1816 403 1827 429 :
1861 411 1906 419 -
1938 385 2049 443 φησὶ
2078 386 2130 429 δὲ
2156 381 2509 446 Ἀπολλόδωρος,
2532 381 2676 446 ὄρσο-

277 454 387 518 ρόιια
415 457 489 505 ὑπ’
515 459 640 504 ἐνίων
666 458 904 515 λέγεσθαι,
944 457 1000 502 δι’
1021 450 1072 516 ἦς
1096 452 1150 502 ω’
1174 451 1297 517 ὕδωρ
1324 452 1515 515 ὄρνυται.
1571 450 1753 517 Κράτης
1780 455 1844 513 δὲ,
1871 449 2111 514 ὀρθσθύρη
2138 457 2266 513 (εἰσ),
2308 453 2433 517 θύρα
2459 451 2676 517 πρόβασιν
2716 451 2719 456 ’

278 524 382 589 (scr.
411 524 659 587 πρόςβασιν
684 532 809 573 Eust.
837 533 962 582 1921,
993 532 1062 585 15)
1090 527 1271 585 ἔχουσα,
1311 528 1385 573 καὶ
1412 526 1479 580 εἷς
1504 527 1561 573 τά
1587 525 1774 590 ὑπερῷα
1799 526 2013 587 φέρουσα.
2040 527 2156 580 τινὲς
2190 525 2361 588 ὑψηλήν
2402 523 2586 590 θύρανα
2630 536 2674 574 et

276 605 369 662 ipse
403 602 591 647 confusis
630 611 674 646 et
712 603 873 645 mutilis
910 602 1048 645 verbis
1086 615 1285 645 enarrare
1320 601 1515 653 videtur,
1552 616 1665 658 quae
1704 601 1891 658 undique
1930 600 2187 657 compilavit.
2256 600 2419 646 Tamen
2456 609 2674 646 auctorem

277 677 393 719 hune
421 674 644 730 negligere
672 674 814 724 nolui,
851 688 982 730 quum
1013 672 1130 715 solus
1160 679 1349 715 veterum
1380 672 1686 729 interpretum,
1715 672 1769 730 (si
1798 671 1984 730 excipis,
2013 685 2124 729 quae
2153 671 2403 716 Eustathius
2433 671 2676 718 dubitanter

272 746 437 807 profert
467 741 572 790 „ded
590 743 800 799 κλίμακος
817 743 956 795 ἴσως
981 738 1008 801 ἢ
1032 737 1180 794 ἄλλως
1207 758 1306 793 πως
1333 736 1655 801 οἷνορούσανται
1670 777 1686 806 ,
1711 760 1752 789 v.
1770 743 1929 803 supra),
1960 735 2195 802 σ’ρσοθύρᾳ
2222 743 2356 787 scalas
2375 743 2505 788 fuisse
2523 744 2675 797 tradat,

275 819 386 863 Eam
428 834 533 863 vero
572 818 811 876 opinionem
857 816 911 861 de
946 816 1067 860 scalis
1107 831 1204 859 cum
1240 808 1475 873 ὄρσοθύρᾳ
1516 817 1757 873 conjunctis
1793 815 2051 860 recentiores
2096 816 2347 873 interpretes
2384 823 2551 858 tantum
2588 831 2674 860 non

275 906 423 936 omnes
450 889 762 949 probaverunt,
799 888 880 932 hac
918 888 959 932 in
1000 901 1048 932 re
1078 888 1188 931 inter
1215 903 1259 932 se
1288 887 1597 944 discrepantes,
1636 888 1751 945 quod
1781 886 1875 930 alii
1897 885 2074 940 januam
2104 888 2158 930 ad
2190 888 2324 931 scalas
2354 888 2579 931 ducentem
2608 889 2673 931 in·

274 961 410 1019 telligi
447 960 636 1012 malunt,
672 967 722 1003 ut
753 959 1049 1010 Schreiberus,
1083 957 1280 1009 Hirtius,
1325 957 1505 1001 Vossius
1532 952 1752 1015 in'terpret.
1781 959 1926 1001 Germ.
1955 959 2021 1001 ed.
2049 966 2219 1002 stereot.
2254 959 2399 1002 »Eine
2426 959 2576 1017 Psoste
2600 974 2675 1002 zur

283 1033 439 1090 Treppe
465 1048 554 1075 war
577 1033 731 1089 selu-69
750 1034 790 1074 in
811 1030 887 1073 der
912 1029 1129 1073 sier-lichen
1149 1030 1302 1071 Mauer
1316 1044 1337 1065 u
1367 1029 1464 1071 coll.
1485 1029 1546 1071 lit.
1564 1043 1594 1074 ι
1612 1028 1654 1070 in
1688 1029 1896 1073 Vossiana
1923 1029 2091 1074 aedium
2113 1029 2361 1075 Ulixearum
2382 1030 2675 1089 descriptione,

276 1111 321 1148 et
361 1102 405 1147 in
442 1102 508 1147 ed.
543 1102 679 1160 princ.
721 1102 900 1158 repetita
945 1101 1128 1142 „Rechts
1164 1104 1205 1142 in
1245 1100 1321 1143 der
1356 1101 1573 1142 zierlielaen
1622 1101 1764 1143 Wand
1798 1117 1887 1143 war
1925 1104 2012 1144 eine
2047 1100 2198 1160 Hane
2232 1116 2304 1146 mr
2346 1101 2531 1160 Treppee
2574 1102 2671 1147 coll.

276 1181 422 1219 annot.
444 1174 482 1227 7,
512 1171 614 1217 alii
637 1172 829 1230 januam,
858 1171 910 1216 ad
932 1187 1059 1228 quam
1081 1181 1157 1215 aut
1177 1171 1231 1213 ob
1252 1171 1492 1227 depressius
1513 1173 1650 1215 solum
1673 1174 1766 1215 oeci
1795 1173 1980 1215 virorum
2011 1173 2227 1216 nonnullis
2256 1173 2466 1232 gradibus,
2496 1181 2569 1217 aut
2597 1188 2674 1232 per

267 1247 413 1305 justas
451 1245 590 1289 scalas
633 1243 930 1289 ascendebant.
989 1243 1244 1300 Depressius
1282 1243 1373 1285 oeci
1416 1243 1554 1286 solum
1585 1234 1628 1286 et
1655 1243 1780 1287 limen
1809 1259 1886 1299 per
1913 1244 2139 1286 nonnullos
2169 1245 2329 1300 gradus
2359 1245 2672 1290 ascendendum

277 1316 521 1362 describunt
552 1316 789 1360 Vossius
818 1332 857 1360 v.
887 1315 1165 1372 Morqmblatt
1190 1333 1232 1358 n.
1259 1315 1333 1358 32.
1364 1315 1406 1356 9.
1436 1314 1552 1373 Aug.
1584 1316 1703 1357 1857
1745 1317 1823 1359 nJ.
1851 1316 1910 1357 H.
1952 1316 2054 1358 Voss
2081 1316 2126 1358 ὐι
2166 1316 2349 1359 Weimar
2376 1332 2415 1359 α.
2450 1318 2565 1359 1794
2593 1333 2674 1361 von

275 1388 402 1445 Hofr.
431 1388 625 1447 Bb'm'qer
661 1388 709 1432 in
738 1386 954 1446 Erlanyen
992 1402 1066 1431 aus
1102 1386 1181 1431 den
1209 1386 1417 1445 Papieren
1445 1387 1581 1431 set‘rtes
1620 1387 1765 1431 Vaters
1792 1387 2090 1445 mt’tqetheilt«,
2125 1404 2172 1445 p.
2207 1390 2314 1440 760,
2344 1390 2417 1432 col.
2445 1391 2476 1431 2
2499 1406 2514 1432 .-
2552 1408 2573 1430 η
2598 1391 2674 1434 Wn

279 1460 483 1518 (Homer)
510 1476 622 1520 qauz
649 1474 698 1504 nt
726 1461 930 1503 versulam
941 1492 954 1514 ,
982 1461 1118 1515 mitjsse
1145 1475 1239 1501 man
1266 1460 1346 1502 siclt
1377 1458 1560 1510 denkm,
1590 1460 1689 1513 dalis
1718 1459 1796 1502 das
1824 1460 2026 1517 Ildeqaron
2054 1461 2150 1502 oder
2176 1462 2252 1502 der
2276 1463 2420 1518 qrqsite
2449 1460 2673 1505 Conversa-

275 1536 407 1576 tione-
444 1532 534 1576 und
574 1531 817 1590 Speisesaal
851 1530 979 1588 tiefer
1018 1530 1292 1590 einyeyrabqi
1325 1545 1507 1588 qewesen
1522 1563 1535 1582 ,
1586 1530 1655 1574 als
1698 1529 1768 1574 die
1805 1530 1951 1589 u’brz‘qe
1992 1530 2215 1587 Hausflur.
2284 1533 2338 1574 So
2378 1533 2542 1575 bedente
2587 1550 2674 1577 nun

274 1597 511 1663 ὀρσοθύρη
540 1605 633 1647 eine
667 1604 800 1660 Thic'r,
831 1619 885 1646 an
914 1605 1033 1646 deren
1065 1602 1263 1647 Schwelle
1289 1618 1391 1647 man
1420 1611 1505 1648 erat
1529 1602 1659 1647 durch
1687 1602 1822 1647 alaz-lae
1849 1601 1995 1660 Seufen
2023 1601 2329 1647 hhuankommffl
2370 1611 2412 1648 et
2441 1604 2479 1647 E
2489 1622 2519 1660 g
2529 1621 2673 1662 gers.

274 1678 329 1721 de
357 1678 526 1722 aedium
554 1677 734 1719 Homer.
764 1676 952 1733 partibus
989 1690 1030 1732 p.
1060 1678 1098 1717 9.
1133 1679 1185 1718 10
1215 1675 1306 1718 »In
1336 1676 1453 1718 huno
1483 1674 1755 1729 (thalamum)
1795 1688 1872 1732 per
1908 1682 2149 1731 aperturam
2192 1690 2277 1717 non
2319 1675 2444 1734 longe
2480 1692 2504 1718 a
2546 1677 2675 1733 janua

270 1748 497 1808 principali
539 1747 583 1791 in
633 1747 792 1805 pariete
848 1746 1005 1790 factam
1046 1760 1098 1789 ex
1143 1746 1445 1791 coenaculo
1493 1745 1684 1802 paullo
1735 1745 1897 1789 altius
1946 1747 2214 1802 depresso
2258 1748 2425 1789 ascendi
2467 1756 2672 1807 poteram

273 1818 651 1865 Simillimatradit
681 1818 829 1863 Const.
870 1817 1137 1862 Matthiae
1164 1818 1204 1861 in
1241 1817 1326 1861 lex.
1358 1817 1588 1873 Euripideo
1617 1816 1658 1859 in
1687 1834 1723 1858 v.
1753 1808 2010 1872 oe’mplnvbs
2037 1834 2078 1873 p.
2114 1822 2189 1859 185
2220 1828 2327 1861 extr.
2366 1819 2513 1861 Justas
2541 1821 2675 1863 scalas

272 1885 507 1951 ὀρσοθύρᾳ
542 1889 767 1934 acclinatas
796 1888 929 1934 tuisse
960 1888 1221 1933 contendere
1249 1888 1447 1932 videntur
1475 1906 1486 1931 ε
1516 1887 1731 1932 Passov.
1762 1889 1844 1931 lex.
1875 1888 1940 1930 ed.
1960 1889 2027 1930 ὁὶ·
2052 1890 2095 1930 in
2126 1906 2164 1930 v.
2197 1891 2413 1932 »woltra-h.
2435 1893 2525 1932 eine
2551 1893 2676 1942 Tlu‘e'r,

272 1977 328 2004 tu
367 1963 439 2003 der
473 1976 566 2003 man
605 1960 696 2018 auf
720 1959 895 2018 Stufen,
935 1960 1024 2017 aus
1055 1960 1170 2003 einer
1204 1959 1366 2016 Preppe
1393 1958 1692 2017 hmaneteiqt«,
1734 1959 1771 2003 F
1781 1976 1884 2004 aes.
1913 1960 1980 2004 ed.
2011 1959 2094 2003 3⁶¹⁸
2122 1961 2175 2004 ad
2205 1965 2283 2012 22,
2330 1965 2406 2004 126
2438 1964 2555 2004 »weil
2585 1964 2676 2017 (die

272 2025 514 2090 ὀρσοθύρη)
543 2033 642 2074 aber
668 2035 711 2074 in
741 2031 816 2074 der
834 2031 957 2074 Hb‘he
985 2046 1088 2085 war,
1116 2032 1259 2075 konnte
1287 2046 1385 2074 man
1413 2033 1469 2074 sie
1495 2046 1573 2074 von
1600 2033 1715 2074 innen
1742 2047 1821 2075 nur
1836 2033 2077 2076 vermz‘ttelst
2094 2033 2204 2076 εἶπεν
2225 2034 2486 2091 anqestellten
2512 2036 2677 2090 Treppe

272 2106 375 2148 oder
394 2105 538 2147 Leiter
566 2104 754 2146 benutzen
785 2105 886 2160 (vql.
921 2104 1008 2145 132
1037 2097 1100 2145 ἄν’
1130 2097 1290 2159 ὀρσοθ.
1322 2095 1599 2159 α’ναβαίη).α
1660 2102 1742 2146 Sed
1771 2117 1823 2146 ne
1851 2104 2012 2160 primae
2043 2102 2277 2147 sententiae
2296 2119 2505 2161 opponam
2526 2119 2675 2162 parum

273 2183 394 2218 recte
417 2174 591 2229 januam
622 2174 683 2216 ad
713 2174 849 2216 scalas
878 2175 1104 2216 ducentem
1134 2167 1395 2232 ὀρσοθύραν
1422 2173 1629 2215 nominari
1658 2173 1723 2215 vel
1753 2174 1884 2226 alteri,
1915 2173 1949 2217 si
1979 2174 2033 2217 ob
2062 2173 2186 2218 limen
2215 2173 2341 2232 paulo
2369 2173 2494 2218 altius
2515 2175 2675 2218 editum

269 2246 404 2302 janua
432 2245 504 2288 illa
531 2238 797 2303 ὄρσοθόρας
826 2260 979 2287 nomen
1009 2245 1234 2301 acceperit,
1264 2247 1390 2288 etiam
1419 2243 1695 2304 principalem
1720 2245 1909 2301 januam,
1938 2244 1980 2287 in
2009 2243 2133 2301 cujus
2162 2244 2287 2288 limen
2309 2244 2458 2288 Ulixes
2487 2246 2674 2298 saluerit,

275 2333 315 2359 v.
345 2320 418 2367 22,
461 2321 486 2359 2
517 2324 560 2360 et
597 2332 727 2375 supra
755 2316 823 2367 11,
854 2319 877 2359 7
894 2348 906 2367 ,
948 2324 1067 2359 recte
1110 2308 1367 2374 ὁρσοθύραν
1395 2315 1565 2368 vocari,
1609 2316 1853 2361 omnibus
1890 2317 2032 2361 obstat
2068 2324 2111 2361 et
2138 2316 2320 2361 Homeri
2347 2324 2392 2360 et
2420 2318 2674 2374 optimorum

274 2388 652 2444 grammaticorum
690 2390 929 2432 auctoritas.
997 2388 1213 2432 Homerus
1254 2388 1439 2439 facilius,
1482 2396 1531 2430 ut
1572 2387 1653 2430 alia
1690 2388 1868 2432 omnia:
1906 2388 2156 2440 fenestram,
2198 2387 2344 2432 fissum
2382 2389 2555 2446 parietis
2592 2396 2673 2434 etc.

274 2458 516 2518 cogitemus
545 2462 762 2519 permittit,
792 2477 917 2517 quam
941 2460 1115 2516 januam
1134 2461 1309 2517 justam,
1340 2475 1416 2518 per
1435 2474 1564 2518 quam
1596 2460 1762 2516 vulgo
1792 2460 2101 2505 ascendebant..
2161 2460 2271 2504 Nam
2300 2461 2464 2512 Ulixes,
2494 2462 2674 2517 quinon

275 2523 555 2589 ὄρσοθύραν,
590 2533 664 2575 sed
703 2529 859 2585 ἔξοδον
896 2533 1008 2575 illam
1043 2548 1080 2574 v.
1114 2535 1191 2575 128
1227 2532 1269 2574 in
1307 2533 1519 2574 exteriore
1557 2523 1788 2588 προδόμου
1826 2532 1987 2589 pariete
2017 2532 2231 2577 observari
2264 2532 2475 2589 jusserat,
2516 2547 2569 2576 ne
2597 2547 2674 2590 per

277 2602 450 2646 ancillas
489 2603 554 2646 vel
584 2618 730 2646 servos
768 2604 910 2659 procis
945 2602 1103 2646 amicos
1137 2618 1282 2645 rumor
1318 2603 1371 2646 de
1409 2603 1538 2647 caede
1576 2616 1798 2660 procorum
1832 2603 1877 2648 in
1915 2604 2063 2648 urbem
2103 2603 2305 2647 evaderet
2332 2628 2388 2635 —-
2416 2619 2674 2661 quamquam

277 2682 322 2716 et
360 2689 506 2716 servas
541 2675 582 2716 in
621 2675 847 2717 mulierum
890 2674 1018 2717 domo
1057 2674 1217 2717 includi
1253 2682 1297 2718 et
1332 2675 1456 2720 aulae
1494 2682 1662 2733 portam
1697 2675 1862 2720 occludi
1900 2675 2095 2720 voluerat
2123 2701 2177 2708 —
2213 2667 2490 2733 ὄρσοθύρας,
2533 2677 2674 2732 justae

277 2745 439 2789 scilicet
472 2746 654 2801 januae,
699 2761 777 2804 per
806 2761 934 2802 quam
963 2747 1080 2803 proci
1110 2760 1257 2788 omnes
1285 2747 1481 2791 facillime
1509 2746 1562 2790 ad
1589 2760 1802 2791 armorum
1830 2747 2065 2791 thalamum
2102 2746 2307 2791 accedere
2332 2755 2530 2809 possent,
2570 2747 2675 2791 adeo

278 2817 435 2861 oblitus
461 2826 538 2870 est,
569 2826 616 2861 ut
644 2834 683 2861 v.
718 2821 815 2869 151,
845 2833 977 2875 quum
1008 2832 1163 2877 procos
1192 2827 1374 2862 armatos
1403 2819 1593 2870 vidisset,
1623 2818 1811 2864 dubitare
1839 2828 1999 2879 posset,
2028 2828 2172 2863 utrum
2204 2820 2479 2871 Melanthius,
2508 2836 2561 2863 an
2590 2835 2676 2863 una

277 2904 338 2934 ex
378 2889 704 2934 mulieribus
745 2898 912 2934 tantum
942 2891 1100 2933 malum
1130 2891 1208 2933 sibi
1237 2891 1474 2935 excitasset.
1536 2889 1768 2934 Verisimile
1797 2891 1924 2949 igitur
1952 2891 2015 2942 fit,
2044 2882 2322 2949 ὄρσοθύραν,
2362 2892 2397 2934 si
2436 2906 2521 2947 qua
2544 2892 2676 2945 janua

276 2959 426 3012 fuerit,
462 2962 631 3018 vulgo
671 2977 749 3019 pro
780 2963 914 3019 janua
949 2959 1032 3004 non
1061 2961 1191 3005 fuisse
1219 2969 1262 3004 et
1287 2962 1400 3005 aditu
1430 2961 1563 3006 fuisse
1589 2960 1690 3003 satis
1719 2961 1887 3006 difficili.
1945 2962 2028 3006 Cui
2058 2961 2242 3020 opinioni
2271 2977 2323 3006 ne
2354 2961 2533 3006 verbum
2562 2954 2676 3005 ἄνα-

275 3030 446 3087 βαίνειν
472 3048 510 3075 v.
544 3036 622 3075 132
653 3048 678 3075 a
706 3033 744 3076 F
747 3034 860 3076 aesio
890 3033 962 3088 (ad
991 3033 1128 3076 scalas
1157 3033 1494 3088 comprobandas
1508 3032 1548 3087 Ρ)
1584 3032 1758 3075 allatum
1787 3033 1955 3076 obstare
1992 3032 2184 3076 videatur
2215 3032 2268 3076 cf.
2297 3034 2411 3077 Xen.
2442 3032 2584 3075 Anab.
2618 3031 2673 3085 V,

278 3106 324 3154 2,
359 3104 410 3146 15
449 3103 600 3146 milites
635 3103 679 3146 in
719 3097 1018 3160 σταυρώματα
1055 3112 1097 3146 et
1133 3098 1314 3158 τύρσεις
1349 3104 1559 3146 enitentes
1587 3096 1938 3161 α’ναβαίνοντας).
1998 3104 2071 3146 Ad
2099 3103 2182 3146 hoc
2212 3104 2298 3148 noli
2325 3102 2676 3163 praetermittere,

279 3172 397 3231 quod
434 3189 567 3232 copae
595 3174 728 3219 Arist.
759 3176 864 3219 Ran.
895 3177 976 3218 5⁷3
1011 3177 1164 3232 jocose
1202 3176 1398 3218 dicuntur
1436 3170 1796 3231 ἀναπηδῆσαι
1833 3173 1912 3219 ἐπὶ
1948 3169 2023 3230 τῆν
2060 3168 2258 3234 κατήλιφ’
2292 3182 2360 3226 et,
2400 3175 2513 3233 quod
2549 3174 2676 3219 etiam

278 3244 416 3302 magis
452 3245 728 3304 perspicuum
764 3254 850 3299 cst,
888 3246 1136 3291 libidinosus
1163 3245 1315 3298 homo,
1355 3245 1527 3291 anian.
1556 3246 1731 3306 Lexiph.
1759 3263 1794 3291 c.
1825 3253 1863 3292 8.
1907 3244 1986 3291 ἐπὶ
2021 3246 2099 3305 τήν
2125 3243 2348 3304 κατήλιφα
2375 3240 2676 3307 α’ναρῤιχή-

278 3319 510 3362 σασθαι.
576 3317 798 3363 Postremo
838 3319 892 3362 ad
921 3319 1003 3363 hoe
1031 3320 1220 3363 animum
1247 3319 1446 3374 adverte,
1486 3318 1602 3375 quod
1630 3326 1798 3375 praeter
1826 3318 2098 3361 Eustathium
2129 3327 2172 3363 et
2199 3319 2342 3375 Etym.
2370 3318 2432 3361 M.
2441 3350 2454 3373 ,
2492 3332 2675 3375 quorum
