2955 3681
1446 63 1521 111 33,

290 212 353 258 ἔνι
380 215 418 258 δ’
446 210 588 256 εἰπεῖν
613 209 743 254 λίθον
769 205 953 267 σκληρόν
980 209 1053 254 καὶ
1081 208 1210 254 λίθον
1235 203 1436 269 παίρινον.
1492 210 1582 254 Gur
1619 208 1750 253 verba
1779 210 1956 253 dilatatis
1984 210 2095 267 typis
2123 225 2207 253 non
2237 210 2447 268 descripta
2478 211 2562 252 huc
2591 210 2667 253 ad-

289 285 526 344 scripserim
571 291 612 326 et
647 297 701 324 ex
741 282 867 324 huius
908 283 1271 325 commentationis
1306 282 1350 335 1,
1379 298 1421 340 p.
1452 283 1504 324 35
1542 290 1719 339 apparet
1762 290 1804 324 et
1841 297 1893 325 ex
1918 282 1966 325 iis
1995 290 2303 340 cognoscetur,
2340 297 2449 338 quae
2475 282 2584 325 intra
2611 282 2665 325 de

286 353 505 411 μελάθρῳ
532 360 577 398 et
595 353 649 396 ad
679 353 928 409 explicanda
956 353 1084 397 verba
1112 352 1238 411 παρὰ
1269 348 1467 405 σταθμὸν
1490 351 1638 409 τέγεος
1674 353 1911 396 afferemus.
1938 379 1994 385 —
2019 380 2076 386 —
2102 356 2152 398 In
2180 355 2274 397 loco
2309 354 2486 396 Luciani
2523 356 2665 397 statim

288 426 500 473 afferendo
529 425 672 482 glossa
700 424 939 480 marginalis
967 425 1079 482 apud
1107 425 1342 469 Lehmann.
1385 440 1530 468 vocem
1559 417 1797 483 κατήλιφος
1823 426 2121 483 interpretatur
2149 442 2160 468 e
2195 418 2433 477 κατάλυσις
2465 427 2491 469 i.
2527 440 2564 468 e.
2595 426 2669 469 de·

287 498 520 542 versorium
549 496 763 553 publicum
793 496 846 539 cf.
875 496 1034 539 Herod.
1065 497 1129 551 V,
1159 499 1211 539 52
1239 496 1328 539 init.
1356 488 1618 547 καταλύσιες
1645 505 1688 539 et
1716 497 1828 539 med.
1856 496 2104 552 καταγωγαί
2131 512 2225 540 cum
2249 498 2363 541 Suid.
2393 500 2435 540 in
2466 513 2666 546 ν.,κατα-

287 564 415 626 γωγή.
456 564 609 626 ,παρά
631 559 856 624 Ἡροδότῳ
899 567 1195 611 πανδοκεῖονα.
1253 568 1376 621 Quae
1402 570 1519 611 vocis
1546 570 1609 610 vis
1638 583 1765 625 quam
1794 568 2103 611 similitudinem
2132 569 2283 612 habeat
2312 584 2407 611 cum
2435 570 2664 625 »pergula«

288 641 376 685 sive
407 639 621 683 ”tabulato
649 639 975 683 intercolumniis
1003 639 1131 683 affixo
1160 641 1215 694 (ν.
1245 639 1303 692 A,
1329 639 1416 697 3)u‚
1445 638 1551 683 infra
1581 639 1810 697 apparebit.

425 723 492 767 ad.
520 723 578 779 4.)
610 723 831 767 Obscoene
870 722 1026 767 dictum
1057 731 1159 780 puto
1187 723 1364 766 Luciani
1391 723 1495 766 illud
1524 723 1719 781 (Lexiph.
1751 740 1787 765 c.
1818 726 1863 778 8)
1892 722 2005 777 μετά
2035 723 2089 767 δὲ
2116 720 2141 767 ὁ
2160 723 2237 777 μέν
2264 738 2333 774 τις
2367 722 2441 766 ἐπὶ
2478 720 2550 780 τῆν
2588 742 2664 768 κα-

284 788 451 852 τήλιφα
489 787 890 854 άναῤῥιχησάμενος
916 788 1172 854 ἐπιφόρημα
1208 787 1377 852 ἐζήτει,
1414 793 1438 838 ὁ
1463 794 1514 837 δὲ
1542 794 1722 852 ληκίνδα
1752 791 1932 849 ἔπαιζεν
1960 812 1997 837 κ.
2025 811 2062 839 τ.
2094 796 2132 838 λ.
2160 796 2212 838 cf.
2242 803 2489 838 contextum
2522 811 2664 840 rerum

286 868 342 910 ibi
369 867 616 911 traditarum
646 874 688 910 et
717 867 874 925 Guyeti
904 868 1214 911 annotationem
1244 868 1298 911 ad
1328 865 1505 925 ληκίνδα
1534 863 1726 920 ἔπαιζεν.

473 967 545 1022 D·
589 1000 670 1007 —
711 963 977 1027 ΜΕΛΑΘΡ
980 962 1066 1025 ΟΝ
1105 977 1380 1040 (μάλαθρον,
1423 983 1700 1041 κμέλεθρον).
1767 986 1833 1027 De
1871 986 2019 1028 tertiae
2061 985 2220 1027 formae
2265 986 2387 1027 litera
2429 986 2574 1026 initiali
2612 986 2664 1027 cf.

284 1056 444 1099 Buttm.
474 1055 608 1099 Lexil.
638 1055 705 1107 Π,
734 1072 774 1112 p.
804 1059 897 1107 265,
926 1072 967 1098 n.
1000 1059 1022 1097 7
1036 1074 1046 1107 3
1081 1055 1245 1099 vocales
1273 1056 1420 1099 tertiae
1447 1056 1610 1099 formae
1632 1040 1696 1098 ita
1725 1071 1776 1098 ex
1805 1056 1935 1099 altera
1962 1055 2096 1098 forma
2125 1065 2242 1099 ortae
2273 1065 2393 1107 sunt,
2438 1065 2485 1098 ut
2511 1049 2666 1113 βάρα-

286 1129 397 1184 θρον
435 1143 459 1171 a
496 1127 668 1171 Ionibus
705 1135 914 1171 mutatum
954 1135 1017 1170 est
1054 1128 1094 1169 in
1133 1125 1364 1185 βέρεθρον.
1434 1126 1637 1170 Ceterum
1674 1121 1841 1183 praeter
1878 1128 2009 1184 ipsam
2049 1127 2390 1171 conformationis
2430 1128 2663 1182 analogiam

283 1191 522 1257 μάλαθρον
548 1199 680 1242 levem
710 1199 835 1242 habet
863 1199 1172 1249 auctoritatem,
1203 1214 1332 1255 quum
1361 1199 1404 1241 in
1433 1199 1574 1253 glossa
1603 1199 1672 1241 Et.
1701 1199 1831 1249 Gud.,
1861 1214 1969 1255 quae
1999 1200 2087 1242 sola
2115 1199 2225 1242 hanc
2255 1199 2431 1242 formam
2463 1200 2663 1253 continet,

285 1270 573 1328 interpretatio
603 1270 746 1312 addita
773 1269 826 1313 sit
854 1278 939 1312 tam
971 1271 1133 1326 inepta,
1163 1277 1212 1312 ut
1241 1270 1308 1311 vix
1340 1270 1392 1312 ad
1417 1267 1644 1324 μέλαθρον
1672 1285 1765 1312 eam
1795 1269 1972 1321 referas,
2011 1271 2090 1312 nisi
2119 1270 2300 1320 similem
2321 1263 2560 1325 μελάθρου
2586 1286 2664 1327 per

286 1356 308 1384 ε
338 1341 482 1399 scripti
512 1341 835 1399 explicationem
866 1342 977 1398 apud
998 1340 1192 1384 Eustath.
1228 1343 1343 1391 1925,
1374 1344 1427 1383 50
1454 1340 1693 1384 contuleris.
1746 1340 1945 1398 Vulgaris
1974 1341 2108 1384 forma
2128 1340 2375 1397 Μέλαθρον
2402 1342 2453 1385 ab
2473 1342 2661 1385 Homero

287 1413 375 1456 sola
413 1422 653 1471 usurpatur.
710 1413 776 1454 De
815 1413 1119 1469 significatione
1150 1413 1261 1455 vocis
1291 1413 1404 1468 apud
1431 1421 1599 1470 poetam
1627 1412 1735 1455 infra
1763 1413 1887 1469 plura
1914 1414 2134 1467 adjiciam3
2174 1427 2304 1464 nunc,
2343 1428 2396 1456 ne
2424 1413 2660 1469 glossarum

287 1492 564 1542 conspectum
594 1485 912 1540 interrumpam,
941 1485 1130 1539 singulos
1160 1485 1278 1526 locos
1306 1484 1559 1526 Homericos
1588 1499 1683 1525 cum
1714 1485 1968 1527 scholiorum
2001 1485 2210 1542 excerptis
2239 1485 2484 1528 adscribam.

423 1579 474 1621 ad
510 1578 562 1635 1.)
601 1582 648 1629 8,
687 1582 766 1621 279
796 1570 971 1621 πολλά
1007 1577 1066 1621 δὲ
1095 1579 1184 1621 καὶ
1215 1570 1551 1636 καθύπερθε
1609 1599 1628 1620 n
1650 1592 1682 1631 μ
1704 1592 1726 1621 ε
1748 1578 1772 1621 λ
1792 1594 1821 1621 α
1840 1581 1876 1620 θ
1896 1593 1922 1635 ρ
1943 1573 1965 1621 ὁ
1984 1592 2019 1636 φ
2040 1594 2055 1621 ι
2075 1594 2133 1620 να
2189 1576 2509 1632 ἐξεκέχυντο
2536 1571 2664 1621 Ἠιῖτ’

285 1643 523 1708 α’ράχνια
552 1644 727 1692 λεπτά
756 1666 790 1692 κ.
818 1665 853 1694 τ.
884 1650 920 1693 λ.
949 1674 1004 1682 -
1032 1652 1137 1694 Cod.
1169 1652 1208 1694 T
1237 1651 1591 1706 (Hamburgensis
1622 1650 1795 1695 Prelleri
1824 1651 1937 1708 apud
1967 1650 2252 1704 Dindorfium)
2283 1651 2335 1693 ad
2365 1651 2405 1693 h.
2438 1667 2475 1694 v,
2504 1649 2659 1702 μελα-

284 1716 501 1780 θρόφιν
530 1739 540 1764 :
580 1718 783 1779 ὑπεράνω
811 1723 892 1764 τοῦ
915 1718 1163 1779 μελάθρου.
1201 1722 1430 1779 μέλαθρον
1458 1722 1509 1764 δὲ
1537 1721 1698 1778 κυρίως
1724 1718 1773 1764 τό
1798 1721 1934 1774 μέσον
1959 1723 2036 1776 τῆς
2064 1721 2209 1778 στέγης
2237 1719 2368 1775 ξύλον
2393 1719 2443 1764 τὸ
2474 1719 2561 1764 ὑπὸ
2588 1718 2661 1764 τόν

285 1794 360 1846 (sic
382 1794 499 1845 cod.;
520 1794 734 1834 Prellerus
750 1802 791 1833 et
808 1794 1000 1835 Dindorf.
1018 1796 1274 1849 scripserunt
1297 1788 1470 1844 ὕπατον,
1492 1794 1685 1849 equidem
1707 1794 1885 1835 emendo
1944 1811 1963 1831 n
1979 1789 2003 1833 ὑ
2021 1808 2055 1834 π
2075 1787 2097 1834 ό
2116 1809 2140 1834 τ
2160 1808 2182 1834 ο
2202 1807 2223 1833 ν
2241 1807 2265 1834 ο
2284 1808 2305 1833 ν
2319 1797 2361 1844 α)
2397 1786 2663 1844 καλούμενον

285 1858 374 1907 άπό
398 1865 477 1907 τοῦ
493 1863 785 1917 μελαίνεσθαι
815 1861 905 1907 ὑπό
931 1867 1012 1907 τοῦ
1039 1858 1191 1921 πυρός.
1242 1865 1505 1917 Quibuscum
1536 1864 1745 1919 conjunge
1765 1864 1951 1919 Hesych.
1983 1857 2295 1920 Μελαθρόφιν.
2336 1862 2383 1907 ἐκ
2410 1864 2496 1906 τῶν
2524 1864 2662 1906 δοκῶν

283 1938 359 1993 τῆς
396 1935 554 1993 στέγης.
593 1938 680 1978 τῶν
706 1930 967 1992 μελάθρων,
1005 1940 1090 1979 τῶν
1128 1938 1268 1979 δοκῶν
1293 1937 1367 1992 τῆς
1397 1935 1543 1992 στέγης
1573 1938 1667 1978 coll.
1708 1938 1851 1992 Apoll.
1890 1937 2017 1990 Soph.
2055 1940 2140 1985 110,
2179 1941 2232 1977 30
2260 1937 2326 1978 ed.
2359 1937 2493 1978 Bekk.
2524 1946 2564 1978 et
2593 1937 2660 1978 Et.

284 2007 343 2050 M.
364 2024 403 2064 p.
424 2012 517 2058 576,
543 2011 591 2050 16
611 2007 859 2064 Μέλαθρον
881 2008 1040 2065 κυρίως
1069 2009 1236 2062 λέγεται
1261 2004 1311 2050 τὸ
1336 2007 1468 2059 μέσον
1493 2009 1570 2061 τῆς
1600 2006 1746 2063 στέγης
1774 2001 1904 2059 ξύλον
1922 2006 1973 2050 ‘cd
2032 2026 2052 2046 n
2070 2005 2093 2048 ὑ
2112 2023 2145 2048 π
2166 2002 2189 2049 ό
2207 2023 2232 2048 τ
2251 2022 2275 2049 ο
2297 2022 2318 2048 ν
2336 2022 2359 2049 ο
2382 2023 2403 2048 ν
2419 2024 2439 2044 α
2497 2003 2662 2049 καλού-

282 2093 410 2132 μενον
438 2072 529 2122 άπὸ
555 2080 633 2121 τοῦ
658 2078 949 2131 μελαίνεσθαι
993 2077 1076 2124 ὑπὸ
1104 2082 1185 2123 τοῦ
1211 2080 1403 2122 καπνοῦ·
1447 2072 1551 2121 ὅταν
1577 2071 1650 2121 οὖν
1677 2079 1786 2136 εἴπῃ
1801 2072 2011 2136 Ὅμηρος,
2051 2073 2203 2135 Αὕτη
2233 2079 2270 2121 δ’
2306 2074 2662 2121 αἰθαλόεσσα

284 2145 560 2204 α’ναΐξασα
600 2147 903 2206 μελάθρου
933 2145 1159 2203 Ἕζετοε
1196 2177 1247 2182 -
1285 2151 1413 2193 τοῦτο
1458 2149 1565 2207 φησὶ
1604 2149 1778 2207 δηλοῦν·
1817 2149 1929 2200 τινὲς
1972 2149 2022 2193 δὲ
2050 2148 2126 2192 τόν
2152 2144 2333 2208 ὄροφον,
2371 2144 2395 2206 ἲ
2431 2148 2504 2193 τόν
2531 2144 2660 2193 οἶκον.

283 2223 583 2277 (Kulenkamp.
614 2224 665 2265 ad
704 2223 728 2265 l.
757 2224 783 2264 l.
814 2223 1056 2278 Etymologi
1085 2238 1160 2279 pro
1192 2219 1412 2272 ὑπότονον,
1441 2222 1565 2264 scribi
1593 2222 1754 2264 mavult
1786 2218 2030 2279 ὑπέρτονον,
2061 2221 2172 2277 quod
2195 2222 2389 2263 Eustath.
2413 2237 2453 2278 p.
2475 2225 2568 2272 249,
2590 2226 2661 2273 20;

282 2294 520 2338 Favorinus
557 2296 597 2337 in
648 2311 687 2336 v,
724 2292 949 2351 μέλαθρον
985 2301 1028 2337 et
1067 2295 1158 2337 cod.
1196 2294 1334 2337 Havn.
1376 2295 1475 2336 1971
1520 2293 1763 2350 Etymologi
1802 2296 1857 2346 (v,
1895 2293 2039 2336 Bloch.
2081 2294 2184 2335 adl.
2216 2294 2262 2349 l.)
2292 2294 2510 2344 exhibent,
2551 2294 2663 2336 unde

283 2367 405 2409 etiam
436 2367 503 2409 Et.
532 2365 716 2409 Gudiani
745 2368 865 2418 (385,
897 2370 940 2420 6)
973 2362 1156 2422 ὑπερτον
1198 2366 1297 2421 (sic)
1340 2366 1537 2408 manavit.
1595 2365 1676 2409 Sed
1715 2365 1781 2407 alii
1822 2365 1912 2407 libri
1953 2366 2020 2407 Et.
2052 2365 2111 2406 M.
2143 2366 2153 2406 1
2185 2367 2211 2407 l.
2240 2374 2283 2409 et
2313 2367 2496 2407 Zonaras
2527 2366 2583 2420 (v.
2612 2366 2663 2408 ad

283 2453 433 2481 vocem
467 2433 715 2493 Ὑπέρτονον
751 2437 794 2479 in
831 2437 1054 2481 Thesauro
1091 2439 1117 2479 l.
1158 2439 1233 2479 Gr.
1262 2437 1467 2494 Stephani
1503 2438 1568 2479 ed.
1600 2437 1765 2490 Didot.)
1804 2437 2006 2493 praebent
2046 2433 2279 2487 ὑπότονον,
2317 2453 2442 2493 quam
2484 2438 2660 2479 formam

284 2510 374 2565 ipsa
401 2509 470 2551 illa
499 2509 732 2565 scripturae
760 2508 914 2551 menda
945 2525 983 2549 v.
1016 2524 1141 2566 supra
1171 2510 1207 2551 C
1237 2509 1288 2551 ad
1322 2513 1374 2561 l.)
1402 2517 1443 2551 et
1468 2509 1624 2551 codicis
1653 2508 1691 2549 T
1719 2508 1759 2549 in
1790 2509 1843 2558 D,
1876 2509 1930 2563 1.)
1961 2508 2135 2558 mirum,
2166 2517 2368 2564 quantum
2401 2508 2660 2550 confirment.

288 2604 330 2611 —
354 2606 406 2612 —
431 2584 495 2634 19,
516 2583 596 2624 544
624 2581 733 2622 κατ’
763 2574 839 2638 ἄρ’
874 2578 1007 2633 ἕζετ’
1036 2581 1194 2637 (aquila
1219 2596 1295 2637 per
1325 2581 1531 2623 somnium
1563 2580 1667 2633 visa)
1696 2577 1787 2622 ἐπὶ
1817 2572 2126 2635 προύχοντι
2185 2594 2248 2631 πμ
2269 2594 2290 2620 ε
2309 2579 2333 2619 λ
2354 2572 2382 2620 ά
2402 2583 2438 2620 θ
2458 2595 2483 2634 ρ
2505 2595 2576 2633 ῳα
2607 2604 2659 2610 -

283 2651 465 2693 Eustath
497 2653 549 2694 ad
579 2652 620 2694 h.
650 2652 676 2693 l.
707 2647 818 2694 κατά
845 2648 946 2702 τούς
974 2649 1198 2701 παλαιούς
1223 2650 1273 2694 τὸ
1298 2651 1447 2705 ἑξέχον
1500 2671 1520 2692 n
1538 2653 1650 2707 τῆς
1707 2651 1734 2692 δ
1754 2666 1776 2691 ο
1798 2666 1821 2691 κ
1843 2666 1866 2692 ο
1889 2653 1914 2691 ῦ
1930 2668 1950 2687 ιι
2007 2651 2152 2706 μέρος,
2182 2645 2297 2693 οὕτω
2327 2647 2553 2704 λεγόμενον
2580 2649 2658 2692 διά

280 2716 333 2764 τό
367 2720 659 2774 μελαίνεσθαι
695 2723 767 2765 καὶ
803 2723 1027 2780 θέρεσθαι
1063 2717 1151 2765 nino*
1177 2720 1314 2780 ἡλίου.
1347 2749 1399 2754 -
1427 2749 1481 2755 -
1509 2728 1576 2774 22,
1608 2726 1687 2764 239
1726 2716 1857 2777 atim}
1898 2723 1935 2763 δ’
1964 2717 2335 2771 αἰθαλόεντος
2364 2715 2461 2762 α’νά
2490 2715 2657 2776 μεγά-

284 2809 408 2850 ροιο
437 2788 904 2850 μέλαθρονἝζεϊ
933 2789 1237 2849 άναΐξασα,
1265 2787 1522 2848 χελιδόνι
1561 2792 1747 2851 εἰκέλη
1785 2790 1955 2850 ἄντην.
2005 2795 2154 2836 Varias
2184 2795 2387 2836 lectiones
2414 2795 2496 2837 vid.
2529 2811 2656 2851 supra

284 2866 348 2910 Et.
376 2866 434 2909 M.
466 2884 505 2924 p.
526 2869 620 2917 576,
645 2871 719 2919 16;
749 2878 966 2924 praeterea
982 2869 1050 2910 Et.
1072 2869 1185 2910 Gud.
1207 2872 1300 2918 385,
1331 2871 1365 2909 7.
1396 2871 1420 2909 8
1451 2860 1834 2916 αἰθαλόεντος
1864 2860 2140 2918 α’ναΐξασα
2165 2857 2459 2921 μελάθρου
2487 2864 2657 2917 ἓ’ζετο;

283 2937 350 2979 Et.
384 2937 441 2979 M.
472 2954 511 2995 p.
542 2941 636 2989 565,
665 2942 717 2981 35
758 2932 1138 2988 αἰθαλόεντος
1173 2934 1312 2995 ὑπὲρ
1340 2933 1611 2994 μεγάροιο
1640 2938 1912 2993 μέλαθρα.
1974 2937 2151 2979 Vossius
2182 2937 2234 2979 ad
2266 2938 2406 2992 hymn.
2436 2938 2476 2979 in
2508 2938 2653 2980 Cerer.

287 3012 510 3051 187—189
551 3009 818 3052 scribendum
860 3018 981 3066 putat
1019 3026 1028 3052 :
1074 3003 1260 3065 »Αὕτη
1302 3010 1340 3053 δ’
1382 3002 1725 3053 αἰθαλόεντι
1769 3004 1870 3052 α’νά
1908 3005 2173 3064 μεγάροιο
2214 3001 2477 3064 μελάθρῳ
2529 3007 2655 3059 ἕζετ’

281 3072 600 3133 α’ναΐξασα.“
650 3080 791 3125 Schol.
822 3083 864 3124 in
884 3082 1064 3125 Theocr.
1085 3082 1146 3124 Id.
1177 3086 1243 3136 ιγ’,
1275 3085 1338 3133 13,
1368 3097 1408 3138 p.
1441 3085 1529 3133 193,
1560 3084 1585 3124 l.
1623 3087 1668 3124 10
1698 3082 1760 3125 ed.
1783 3080 1977 3123 Gaisford
2005 3074 2179 3123 Αιῖτοὶ
2213 3079 2250 3122 δ’
2280 3074 2656 3129 αἰθαλόεντας

285 3167 304 3186 n
323 3143 353 3191 α’
370 3164 392 3189 ν
408 3146 436 3191 ά
491 3150 516 3207 ᾧ
538 3152 576 3193 ὦ
593 3166 619 3207 y
636 3167 665 3194 α
683 3166 707 3201 ς
723 3168 743 3189 α
804 3145 1055 3210 (άναρώσας
1076 3154 1201 3206 Can.)
1230 3144 1506 3209 μεγάροιο.
1567 3153 1795 3208 Vulgatam
1825 3160 1997 3194 tuentur
2020 3151 2160 3193 Schol.
2192 3152 2232 3193 in
2266 3152 2408 3207 Apoll.
2442 3152 2576 3194 Rhod.
2599 3151 2654 3200 II,

286 3224 388 3261 1088
406 3220 630 3279 μέλαθρον
656 3219 728 3279 τῆν
753 3217 931 3281 ὀροφήν.
982 3220 1159 3281 Κράτης
1189 3223 1237 3267 δὲ
1296 3244 1316 3265 n
1333 3241 1357 3265 τ
1375 3240 1400 3282 η
1418 3239 1441 3265 ν
1495 3224 1522 3267 δ
1541 3239 1565 3267 ο
1587 3242 1611 3266 κ
1631 3222 1655 3265 ὀ
1676 3239 1728 3264 να
1787 3221 2037 3276 ἐξεδέξατο,
2069 3219 2129 3273 ὥς
2155 3222 2225 3265 καὶ
2259 3218 2382 3279 παρά
2409 3223 2472 3279 τῷ
2499 3224 2658 3281 ποιητῇ

282 3290 403 3346 ῃαῖθ.
423 3309 455 3335 κ.
474 3310 510 3335 τ.
531 3294 592 3337 λέ·
617 3305 656 3338 et
678 3299 743 3338 Et.
767 3297 880 3339 Gud.
908 3312 948 3352 p.
970 3300 1063 3345 382,
1086 3300 1162 3346 23;
1192 3305 1412 3352 praeterea
1441 3296 1582 3338 scholii
1606 3296 1793 3352 Vulgati,
1828 3296 1919 3338 cod.
1941 3296 2191 3337 Havniensis
2213 3297 2278 3337 Et.
2301 3296 2360 3336 M.
2383 3304 2425 3337 et
2448 3296 2659 3338 Eustathii
