2955 3681
1472 114 1536 160 50

305 280 346 306 v.
377 267 518 320 »rinqe
543 263 774 322 qespalton,
803 259 950 318 res-iq«
982 258 1113 316 idque
1138 258 1194 300 ob
1220 250 1432 316 γηρᾶλεον
1459 256 1648 315 νεφέλας
1672 260 1854 314 corizae,
1896 259 2011 316 quod
2046 256 2282 308 antecedit,
2318 264 2362 300 et
2386 251 2693 309 ἆνασπαποιὶς

304 328 546 392 aspinae,
575 347 684 390 quae
712 338 960 388 sequuntur,
991 330 1081 372 veri
1109 329 1285 372 similius
1310 329 1457 373 habeo.
1514 327 1676 373 Eade'm
1701 330 2007 384 significatione
2034 329 2179 387 Apoll.
2198 328 2389 373 Rhodius
2417 328 2452 380 Ι,
2481 332 2562 373 995
2589 329 2691 372 dicit

304 406 474 464 πέτρας
503 397 863 461 »ὦμφιρῤὤγαςα,
889 415 929 443 V.
958 399 1015 444 ibi
1043 399 1192 444 scholl.
1211 399 1265 457 ¹¹)
1300 425 1345 433 —
1378 400 1424 457 2)
1454 392 1551 459 ῥώξ
1580 408 1645 444 est
1672 400 1802 446 Suida
1829 410 2004 447 anctore
2031 396 2151 453 εἶδος
2178 398 2361 457 πέτρας.
2383 424 2438 434 -
2465 402 2512 457 3)
2540 401 2690 449 eodem

303 489 344 522 et
371 477 516 521 multis
544 476 635 517 aliis
663 474 910 517 auctoribus
937 464 1052 532 ῥαὶξ,
1087 464 1166 527 γός
1189 464 1324 531 (ῥᾶξ,
1352 472 1404 516 cf.
1434 473 1615 516 Lobeck.
1645 473 1686 516 in
1717 473 1878 530 Phryn.
1907 491 1949 532 p.
1980 477 2032 519 75
2062 491 2123 532 sq.
2152 474 2247 518 coll.
2275 484 2418 516 tamen
2448 473 2689 518 Kreussleri

304 549 438 592 verbis
466 546 519 589 ad
554 546 621 589 ed.
653 547 739 587 5¹⁸¹*
769 544 946 588 Passoxr.
977 544 1059 587 lex.
1090 545 1131 586 in
1160 545 1234 598 v.)
1269 552 1333 586 est
1359 534 1585 594 κόκκος,
1630 559 1653 586 a
1683 544 1807 600 cujus
1835 545 2140 600 significatione
2181 544 2420 588 discernere
2462 559 2544 587 non
2588 545 2689 588 licet

303 633 530 664 »naneae«
563 617 659 668 vim,
688 625 730 661 et
757 616 915 660 Suidae
944 617 1084 673 glossa
1113 633 1124 657 ε
1155 609 1302 672 ,εἶδος
1320 614 1590 673 φαλαγγίου“
1614 623 1657 658 et
1684 615 1916 659 multorum
1946 618 2200 675 scriptorum
2229 617 2329 659 locis
2358 616 2688 673 comprobatam,

298 706 437 748 neque
477 689 619 749 ῥᾶγας
660 685 810 746 θηλάς
850 688 914 731 vel
960 680 1155 744 κορυφάς
1190 687 1419 743 digitorum
1465 688 1532 730 vcl
1573 686 1696 743 ῥῶγα
1735 687 1761 729 i.
1792 702 1829 730 e.
1870 687 2036 740 χιτῶνα
2074 688 2281 746 ῥαγοειδῆ
2325 689 2436 744 apud
2485 689 2687 739 modicos,

297 761 505 819 siquidem
535 776 684 803 verum
715 768 794 808 est,
825 759 942 816 quod
971 759 1130 812 dicunt,
1160 759 1213 800 ab
1242 755 1350 801 acini
1378 758 1513 801 forma
1541 767 1582 800 et
1600 773 1802 801 mammas
1821 766 1865 801 ct
1884 767 2102 801 extremos
2122 760 2346 815 digitorum
2368 760 2470 802 fines
2488 760 2686 812 (torulos)

296 840 340 877 et
368 832 555 876 tunicam
584 846 735 874 uveam
765 838 808 874 et
837 845 1018 873 araneae
1046 844 1185 884 genus
1214 829 1319 872 illud
1345 829 1556 885 appellata
1586 846 1691 873 essc-
1748 835 1793 881 4)
1822 829 1934 884 apud
1963 830 2099 872 Clem.
2128 832 2257 873 Alex.
2287 832 2439 874 Strom.
2467 836 2505 884 2,
2538 834 2601 882 18,
2631 835 2686 873 86

292 898 376 954 τας
400 893 754 951 α’ποπιπτούσας
782 900 931 960 ῥιὸγας
958 898 1178 956 συλλέγειν
1206 900 1367 944 »frusta
1395 901 1464 943 vel
1493 902 1622 944 micas
1651 901 1870 956 colligere«
1902 900 2121 956 significat.
2150 927 2206 934 —
2243 903 2293 945 In
2336 918 2465 960 rupe
2502 903 2599 954 illa,
2637 911 2686 945 ut

296 976 338 1018 in
365 975 459 1032 ipso
489 973 618 1016 latino
649 972 857 1016 vocabulo
886 973 1108 1030 rumpendi
1137 972 1199 1015 vis
1228 981 1302 1015 aut
1329 972 1383 1015 ad
1413 972 1567 1023 fissam,
1596 981 1764 1030 ruptam
1794 974 1883 1016 saxi
1914 972 2094 1016 formam
2123 974 2303 1017 refertur
2323 976 2394 1030 (cf.
2416 975 2684 1031 significatio-

296 1062 392 1090 nem
421 1046 464 1089 in
501 1049 563 1100 4.)
598 1055 642 1089 et
678 1053 872 1089 nostrum
913 1044 1150 1102 „Klippeu‚
1193 1042 1393 1088 ”Scheere
1419 1043 1460 1087 in
1500 1043 1850 1100 Schcerenflottea,
1881 1044 2105 1101 Wcigand.
2140 1045 2198 1088 D.
2240 1046 2437 1090 Wiae'rterb.
2476 1048 2528 1090 ad
2568 1048 2684 1104 prius

298 1118 583 1175 vocabulum)
621 1126 714 1169 aut,
751 1117 792 1160 id
823 1117 938 1174 quod
969 1117 1103 1173 magis
1132 1117 1291 1173 probo,
1321 1124 1495 1173 propter
1523 1116 1707 1172 glossam
1740 1116 1939 1173 Hesychii
1969 1117 2020 1159 ad
2050 1133 2089 1159 v.
2120 1115 2273 1175 ῥαχοί·
2308 1114 2567 1175 »Χοιράδες
2592 1121 2619 1162 i.
2649 1135 2684 1163 e.

296 1195 355 1244 (v.
384 1190 503 1234 Suid.
530 1191 569 1232 in
601 1193 660 1242 v.)
689 1187 852 1246 πέτραι
882 1187 1000 1230 λεῖαι
1028 1186 1073 1231 ἐν
1099 1180 1332 1245 θαλάσσῃ·
1365 1181 1392 1243 ἢ
1418 1185 1442 1230 ἐ
1450 1188 1476 1242 ξ
1486 1202 1509 1229 ο
1519 1186 1634 1241 χαί·
1676 1182 1702 1246 ἢ
1729 1182 1862 1243 ὄχθοι
1891 1188 2087 1246 πετρῶν“
2117 1190 2171 1232 ad
2201 1204 2349 1233 saxum
2376 1205 2400 1233 e
2428 1192 2531 1233 mari
2563 1192 2627 1234 vel
2660 1209 2683 1234 e

295 1273 408 1306 terra
435 1278 674 1318 erumpens.
721 1262 1034 1318 ”Erumpendiss
1068 1275 1185 1311 vero,
1217 1261 1473 1310 ncresoendi,
1503 1261 1762 1317 pullulandiu
1794 1262 1874 1303 vim
1906 1276 1931 1304 a
1950 1261 2072 1311 ‘verbi
2099 1252 2277 1318 ῥήγνυμι
2298 1261 2539 1305 derivativis
2559 1277 2683 1305 voca-

297 1335 407 1377 bulis
433 1350 514 1376 non
544 1334 813 1375 abhorruisse
844 1348 928 1374 non
958 1333 1083 1373 modo
1113 1347 1165 1373 ex
1195 1333 1317 1374 tertia
1349 1333 1464 1373 vocis
1493 1325 1589 1388 ῥώξ
1617 1332 1963 1389 interpretatione
2001 1331 2091 1374 veri
2127 1332 2261 1374 simile
2295 1331 2363 1382 fit,
2405 1332 2480 1375 sed
2511 1347 2564 1376 ex
2594 1333 2683 1377 aliis

296 1406 484 1462 ejusdem
513 1406 654 1461 stirpis
683 1404 902 1448 vocabulis
931 1412 1046 1447 certo
1073 1403 1298 1460 colligitur.
1356 1403 1418 1445 Ut
1457 1406 1566 1445 enim
1606 1404 1656 1444 ad
1687 1403 1886 1458 Hesycliii
1920 1404 2103 1457 glossam
2141 1403 2280 1458 ῦογεῒ.
2320 1397 2448 1461 ὀργᾷ.
2490 1398 2682 1459 α’κμιέζει

290 1478 377 1531 jam
407 1477 578 1519 Martin.
606 1477 648 1519 in
677 1476 743 1519 ed.
774 1475 936 1518 Albert.
966 1483 1084 1518 recte
1114 1482 1288 1517 annotat
1317 1475 1447 1530 „Flos
1483 1476 1712 1530 erumpit
1746 1489 1769 1517 e
1803 1475 2036 1530 germine“,
2072 1475 2129 1518 ita
2166 1476 2220 1517 de
2250 1476 2545 1531 „erumpendi‚
2584 1491 2681 1532 ger-

295 1547 502 1590 minandi“
533 1549 571 1589 vi
603 1546 797 1591 dubitare
828 1561 911 1588 non
941 1545 1052 1595 licet,
1083 1561 1214 1603 quum
1245 1546 1463 1602 Theophr.
1494 1545 1546 1588 de
1577 1546 1706 1588 caus.
1736 1546 1864 1602 plant.
1891 1548 1929 1595 3,
1960 1549 1984 1588 9
2014 1544 2069 1603 [7‚
2096 1544 2144 1603 3]
2172 1546 2318 1588 vitium
2349 1545 2569 1589 duramina
2596 1547 2623 1589 i.
2644 1562 2681 1589 e.

292 1626 506 1662 sarmenta
535 1633 587 1660 ex
615 1619 706 1674 ipso
733 1626 886 1660 trunco
912 1617 1183 1671 procedentia
1202 1625 1346 1675 aperte
1367 1617 1556 1658 nominet
1576 1615 1655 1665 τὰς
1673 1608 2020 1673 &flurs-:fidum
2048 1616 2098 1659 δὲ
2126 1613 2260 1672 φυτὸν
2287 1611 2392 1660 ὅταν
2419 1616 2684 1675 ἑκβλαστῇ

289 1688 341 1733 τὸ
381 1690 555 1746 πρῶτον
598 1685 675 1732 ἐᾶν
712 1688 960 1744 ῥιζωθῆναι
1008 1687 1145 1744 μηδὲν
1186 1690 1384 1731 κινοῦντα
1423 1689 1513 1729 τῶν
1554 1682 1669 1738 ἅνω,
1718 1681 1927 1744 καθάπερ
1973 1687 2050 1731 ἐπὶ
2089 1690 2176 1731 τῶν
2215 1683 2429 1742 α’μπέλων
2465 1690 2680 1742 ποιοῦσιν,

294 1754 502 1820 α’φιέιτες
527 1755 605 1810 τοῖς
630 1755 804 1817 ῥάχους.
861 1760 958 1814 Qua
986 1761 1028 1804 in
1059 1777 1104 1803 re
1133 1760 1184 1802 ab
1213 1760 1487 1818 erumpendo,
1517 1761 1778 1819 pullulandO,
1808 1761 2038 1804 crescendo
2068 1777 2150 1804 non
2182 1761 2304 1805 aliter
2331 1761 2454 1805 fluxit
2483 1762 2682 1805 sarmenti

295 1835 355 1877 vis
386 1840 514 1890 atque
542 1833 585 1877 in
615 1843 754 1876 nostra
782 1832 926 1889 lingua
954 1849 978 1875 a
1007 1833 1133 1876 verbo
1166 1833 1447 1890 nspriessem,
1483 1834 1510 1875 i.
1538 1849 1573 1875 e.
1603 1834 1772 1890 proprie
1804 1833 2089 1890 ”erumpendo
2118 1833 2257 1893 spargi
2285 1834 2373 1878 sive
2403 1836 2680 1891 germinare«,

297 1922 379 1949 vox
412 1905 629 1962 „Sprofireu
662 1906 727 1947 vel
751 1906 970 1961 ”Pr-ussa,
999 1904 1024 1946 i.
1046 1921 1082 1947 e.
1113 1905 1286 1961 palmes,
1316 1921 1340 1947 e
1368 1906 1500 1947 verbo
1532 1906 1715 1963 nbrz‘egen
1746 1905 2002 1962 erumpendo
2031 1921 2223 1963 gemmas
2252 1907 2543 1963 protruderee,
2573 1922 2683 1964 qno·

293 1993 389 2021 cum
419 1985 646 2033 cognatum
676 1984 740 2020 est
769 1978 864 2020 alm.
896 1977 1029 2020 brinta
1057 1996 1110 2014 =
1141 1992 1360 2033 rumpere,
1411 1978 1613 2033 W'ez]qared
1641 1977 1736 2033 Syn.
1767 1976 1840 2032 II,
1875 1978 1994 2020 1059
2021 1978 2144 2021 Anm.
2201 1978 2338 2021 Etiam
2369 1994 2478 2036 quae
2507 1995 2532 2023 a
2561 1980 2678 2023 verbi

295 2051 553 2105 nspriessenoe
585 2050 627 2091 vi
657 2050 937 2106 appellantur,
970 2066 1092 2107 »σφι
1121 2052 1289 2106 ερνεόεα
1322 2057 1471 2091 contus
1500 2048 1582 2105 [cf.
1614 2049 1726 2104 quod
1756 2049 1878 2091 hodie
1909 2049 2082 2090 dicimus
2108 2049 2388 2107 Ray-aprici]
2418 2059 2461 2093 et
2488 2058 2678 2094 nostrum

295 2120 535 2177 „Sprqslseoe
575 2120 734 2176 gradus
767 2120 998 2173 scalarum,
1038 2122 1270 2175 comparari
1298 2128 1481 2176 possunt
1517 2135 1614 2161 cnm
1645 2120 1795 2169 glossis
1826 2120 2000 2161 Graecis
2030 2120 2195 2174 (Phot.)
2223 2113 2356 2177 ζιάχοι
2384 2119 2431 2164 αἱ
2457 2120 2679 2177 μυρικίναι

290 2184 518 2248 ῥάβδοι,
546 2191 684 2246 (ibid.)
712 2182 889 2244 ῥάχους,
917 2187 1000 2240 τας
1028 2183 1308 2240 ἀκανθώδεις
1336 2192 1409 2234 καὶ
1438 2188 1651 2248 τραχείας
1676 2183 1865 2246 ῥάβδους
1894 2190 2063 2247 λέγουσι
2090 2193 2157 2235 vel
2186 2194 2274 2248 (Et.
2303 2193 2365 2237 M.
2396 2196 2492 2246 703)
2516 2190 2678 2247 Ῥᾰχος,

291 2257 551 2319 ἀρσενικῶς,
590 2259 615 2304 ὁ
641 2253 868 2318 σκόλοψ
895 2256 922 2303 o‘
949 2255 1216 2318 ἀκανθώδης
1243 2263 1339 2304 coll.
1370 2263 1711 2318 interpretatione
1740 2257 1946 2320 ῥαχάδωιι
1973 2263 2085 2321 apud
2113 2263 2230 2314 Hes„
2257 2264 2343 2316 (Et.
2374 2264 2433 2308 M.
2456 2267 2535 2308 702
2554 2267 2681 2318 extr.)

291 2342 334 2378 et
363 2332 561 2376 Photium
590 2353 644 2370 =
671 2332 996 2390 συνδένδρων
1023 2334 1091 2376 vel
1131 2329 1432 2391 δενδρώδων
1465 2333 1641 2390 χωρίων
1678 2343 1721 2376 et
1752 2336 1864 2377 Xen.
1895 2336 2059 2392 Cyneg.
2095 2351 2130 2378 c.
2164 2340 2232 2386 10,
2260 2340 2313 2379 37
2346 2330 2470 2379 »ἀπὸ
2498 2334 2682 2395 δένδρου

289 2403 484 2461 ἰσχυροῦ,
511 2404 584 2448 καὶ
603 2403 665 2460 μὴ
686 2404 732 2448 ἐκ
755 2401 907 2463 ρἀου.
936 2405 1103 2458 Quodsi
1133 2407 1234 2448 satis
1254 2416 1362 2448 esset
1392 2407 1699 2455 demonstrare,
1729 2407 1828 2463 quid
1854 2407 1945 2449 fieri
1967 2407 2184 2463 potuisset,
2215 2408 2295 2450 hoc
2324 2408 2449 2451 modo
2479 2408 2680 2463 colligere

291 2478 450 2520 liceret.
507 2476 570 2519 Ut
609 2478 651 2518 in
690 2477 944 2520 Germanica
981 2478 1126 2531 lingua
1166 2478 1344 2520 verbum
1384 2478 1657 2534 nspriqfiscnss
1698 2477 1820 2519 hodie
1849 2492 2020 2534 quoque
2049 2478 2102 2520 ad
2132 2478 2399 2521 »fulciendi«
2431 2478 2515 2521 vim
2544 2486 2679 2522 trans-

290 2547 452 2590 feratur
495 2556 538 2589 et
573 2547 662 2602 jam
705 2550 820 2604 apud
863 2556 1027 2590 veteres
1066 2548 1305 2589 Germanos
1344 2549 1513 2590 nomina
1553 2546 1741 2602 ejusdcm
1772 2547 1936 2603 stirpis,
1979 2556 2028 2589 ut
2062 2547 2200 2605 Graff
2223 2548 2329 2591 Alad.
2356 2549 2447 2607 Spr.
2488 2548 2560 2601 VI,
2587 2550 2675 2592 401

291 2619 525 2676 nspriuza,
555 2618 748 2675 sprinzil,
777 2619 1047 2675 spriuzzidaa
1080 2618 1136 2674 (v.
1165 2619 1389 2676 lz‘niberya)
1419 2619 1601 2667 »fulci-i,
1630 2619 1853 2675 repaguliu
1885 2620 1970 2660 vim
1999 2619 2262 2669 contineant,
2301 2619 2359 2662 ita
2387 2621 2429 2662 in
2460 2621 2676 2664 vocabulis

292 2682 522 2749 »ῥήγνυμμ
561 2689 736 2748 (edyssa
780 2690 869 2733 fieri
906 2692 1113 2745 potuisse,
1157 2699 1201 2735 et
1244 2694 1327 2734 vim
1372 2689 1679 2749 superioris
1722 2690 2152 2745 contignationis
2194 2692 2311 2747 (quo
2343 2701 2505 2749 spectet
2531 2693 2675 2749 glossa

289 2758 486 2819 ὑπερῷοι
514 2759 686 2817 διὀδοι)
717 2768 762 2804 et
791 2761 1106 2805 translationem
1137 2762 1189 2805 ad
1217 2760 1412 2819 θυρίδας
1439 2778 1523 2805 non
1552 2760 1634 2804 alio
1662 2762 1786 2804 modo
1813 2763 1853 2805 in
1882 2777 1986 2805 voce
2013 2762 2167 2820 ρωγῶν
2194 2771 2327 2805 ortam
2357 2779 2448 2806 esse
2476 2773 2607 2821 atque
2634 2765 2675 2807 in

291 2849 396 2877 voce
417 2828 671 2891 ἀντηρίδων,
702 2848 742 2875 ν.
767 2846 894 2891 supra
915 2848 956 2890 p.
976 2835 1044 2883 46,
1075 2848 1115 2876 v.
1136 2836 1286 2883 3-47,
1308 2850 1346 2878 ν.
1367 2837 1406 2876 2.
1448 2832 1578 2888 Quid,
1607 2833 1721 2889 quod
1750 2834 2000 2877 simillimam
2028 2834 2233 2877 rationem
2253 2834 2427 2877 concedi
2445 2843 2613 2892 oportet
2634 2837 2674 2878 in

426 3058 467 3102 ¹¹)
492 3057 614 3091 Verbis
637 3057 798 3092 Eutecuii
824 3056 997 3098 (ptr-phr-
1026 3054 1216 3102 Ἰξιιψικῦν
1239 3056 1389 3100 Oppiani
1419 3058 1489 3096 111,
1517 3060 1577 3097 14,
1610 3057 1674 3089 vol.
1705 3057 1740 3097 1,
1775 3069 1807 3100 p.
1834 3060 1898 3092 198
1922 3058 1975 3091 ed.
1999 3057 2196 3099 Schneider.
2221 3052 2403 3100 Argentor.
2432 3060 2533 3101 1⁷⁷6)
2556 3055 2610 3094 n‘o
2636 3061 2673 3095 δὲ

289 3119 464 3166 Αἶγα-θος
488 3114 646 3164 θηρᾶται
670 3113 821 3165 κλωβᾷ,
853 3118 889 3150 ἐν
912 3106 940 3159 ᾦ
964 3109 1074 3151 πάλαι
1099 3116 1279 3163 θηραθεὶς
1301 3117 1413 3164 ἕτερος
1434 3118 1490 3152 ἐπὶ
1513 3109 1557 3151 cd
1580 3113 1674 3165 βοᾷν
1697 3119 1953 3157 κατακλείεται,
1982 3114 2106 3163 θνρόν
2130 3111 2242 3152 οὖσόν
2262 3119 2479 3164 ἑκατέρωθεν
2502 3113 2565 3152 δύο
2587 3132 2616 3152 κ.
2639 3133 2672 3153 r.

286 3178 353 3216 Lo,
386 3174 477 3205 unde
500 3173 703 3205 Passoviaui
727 3172 833 3205 lexici
857 3173 1173 3214 interpretationem
1198 3173 1310 3205 fictam
1334 3182 1411 3206 esse
1435 3179 1529 3215 puto,
1554 3182 1665 3215 neque
1688 3172 1859 3213 adducor,
1884 3182 2003 3206 omnes
2025 3169 2184 3223 κλαβοῦς
2205 3172 2354 3216 eogitari
2378 3181 2445 3205 uon
2471 3182 2584 3215 posse,
2606 3173 2676 3208 nisi

287 3231 482 3273 duplicibus
506 3230 635 3263 foribus
661 3230 833 3272 utrimque
855 3231 999 3271 apertis,
1026 3240 1149 3271 neque,
1172 3230 1205 3262 si
1229 3224 1379 3263 inaximo
1402 3232 1532 3279 κλοβοὶ
1556 3229 1743 3270 duplicium
1767 3230 1892 3262 forium
1916 3229 2030 3261 verbis
2054 3231 2205 3279 ηκλοβοὶ
2228 3223 2471 3279 ἁμφιρῥὸγες“
2486 3229 2673 3270 significati

288 3293 421 3327 esseut,
453 3286 544 3318 hano
575 3287 619 3317 ob
655 3295 794 3319 causum
828 3280 947 3335 ῥόγας
975 3296 1053 3319 esse
1084 3287 1177 3319 fores
1211 3286 1285 3320 sive
1315 3286 1493 3321 fenestras.
1548 3283 1725 3328 Ejusmodi
1754 3295 1877 3321 caveus
1908 3285 2100 3329 „utrimque
2122 3283 2196 3320 sivo
2218 3284 2369 3328 undique
2391 3287 2595 3329 interruptus
2618 3289 2672 3320 vel

288 3349 457 3386 ψοήηκ,
482 3344 518 3377 id
541 3343 636 3385 quod
659 3354 726 3377 vox
750 3339 939 3394 ἀμφιᾴρόξ
962 3353 1081 3376 revera
1102 3344 1288 3386 significat,
1311 3344 1355 3385 (v.
1379 3353 1483 3386 supra
1507 3343 1637 3375 Suidae
1659 3343 1759 3375 verbu
1783 3347 1818 3376 et
1839 3343 1961 3376 suboli.
1987 3344 2021 3375 in
2045 3343 2157 3387 Apoll.
2181 3341 2316 3387 ahod),
2339 3343 2519 3378 nominare
2542 3343 2673 3380 liceret.
