2955 3681
265 221 302 250 a.
336 211 442 251 1844
483 206 536 249 ad
567 219 632 247 me
661 203 770 245 datis
799 202 883 244 huc
912 202 1096 246 afferam.
1154 203 1239 254 Qui
1267 203 1295 245 l.
1325 203 1350 245 l.
1379 203 1433 246 ad
1464 203 1614 246 Galeni
1644 203 1774 246 verba
1800 205 1944 260 (supra
1974 205 2032 254 A,
2067 204 2121 260 l.)
2151 198 2293 254 οὕτως
2330 204 2382 247 δὲ
2410 201 2651 261 (μεσόδμῃ)
2676 250 2685 264 ὶ

219 287 222 289 ’
265 273 526 333 ὀνομάζεται
561 273 612 319 τὰ
646 273 757 331 μέγα
785 266 919 326 ξύλον
945 267 1040 316 dno*
1067 274 1145 316 τοῦ
1173 272 1322 330 ἑτέρου
1347 274 1498 328 τοίχου
1525 269 1638 329 πρὸς
1663 271 1737 316 τὸν
1763 271 1910 330 ἕτερον
1938 274 2105 329 διῆκον,
2144 272 2190 318 ἔν
2223 290 2275 319 τε
2297 278 2391 324 τοῖς
2415 276 2504 318 τῶν
2531 291 2650 319 παν-

267 348 451 405 δοχείων
484 345 627 396 οἴκοις
658 346 752 394 τοῖς
777 338 987 399 μεγάλοις
1012 342 1064 386 ἐν
1091 338 1174 395 οἷς
1200 343 1390 389 ἱστᾶσι
1417 339 1484 387 τά
1511 337 1668 402 κτήνη
1697 344 1770 387 καὶ
1798 347 1889 388 κατ’
1916 338 2051 402 ᾰγρόν
2077 343 2249 400 ὁμοίως
2275 345 2321 390 ἐν
2345 349 2441 397 τοῖς
2467 361 2649 403 γεωργι-

266 424 361 470 κοῖς
385 418 545 472 οἴκοις)
575 417 825 472 explicanda
855 417 959 458 haec
990 417 1156 473 scripsit
1189 417 1280 458 „die
1309 415 1429 457 Stella
1457 416 1522 457 bei
1547 415 1677 457 Galen
1704 416 1806 457 steht
1831 416 1962 458 Ilmen
1984 433 2066 473 yar
2093 419 2207 460 nicht
2231 422 2288 460 im
2325 419 2451 478 Weye
2477 435 2491 460 .·
2529 433 2649 460 παν-

266 492 417 545 δοχεῖα
456 488 557 532 st‘nd
581 487 922 530 Karavanserais
933 518 945 540 ‚
987 503 1047 529 wo
1083 490 1138 529 im
1176 487 1312 543 μέγας
1348 480 1469 536 οἶκος
1505 487 1612 529 auch
1638 486 1728 543 fiir
1757 489 1826 530 die
1861 488 2015 530 Thiere
2048 490 2119 530 der
2146 489 2370 533 Reisenden
2400 490 2523 533 Platz
2549 505 2648 546 seyn

267 565 400 620 muss5
443 559 575 602 damit
610 559 722 601 dicae
758 558 858 600 aber
893 560 1004 602 nicht
1041 575 1091 602 zu
1130 559 1225 602 sehr
1257 560 1454 619 yenit-en,
1492 574 1535 601 so
1575 559 1688 616 lauft
1725 575 1783 602 an
1820 560 1933 603 einer
1973 560 2108 603 Wcmd
2133 561 2176 603 in
2204 563 2409 621 massiqer
2436 562 2554 605 ΗόΙιο
2581 562 2648 605 ein

265 633 467 676 Kos-ridor
495 631 584 683 her,
622 638 740 672 anter
766 629 950 672 melcham
977 634 1032 673 sie
1061 631 1150 673 ihre
1180 631 1441 690 Laqersta'tte
1457 631 1623 687 finden,
1660 631 1857 674 wala-end
1883 633 2063 674 dar-iiber
2091 632 2314 674 Menschen
2343 635 2525 688 scltlafen
2552 635 2647 675 oder

263 703 433 760 sonstiqe
480 701 706 757 G'escltafte
755 701 954 743 betreiben
1007 702 1206 744 loannem
1286 702 1550 759 (Antiquam
1609 703 1894 745 deversorium
1955 703 2236 761 complurium
2283 704 2646 760 contignationum

266 777 461 820 describit
488 774 626 815 Thuc.
656 777 694 822 3,
723 776 788 822 68,
819 777 876 826 2.)

399 847 520 889 Illam
560 837 807 899 μεσόδμης,
847 860 973 900 quam
1004 860 1132 902 supra
1159 845 1400 902 posuimus,
1441 844 1759 901 descriptionem
1789 846 2032 903 exprimunt
2061 846 2220 888 multae
2250 847 2366 887 vocis
2396 848 2645 903 interpreta-

264 923 397 962 tiones
432 934 455 959 a
494 916 708 958 veteribus
746 917 1024 970 grammaticis
1061 917 1257 967 traditae,
1302 924 1350 958 ut
1388 915 1540 959 Galeni
1569 919 1632 968 A,
1671 920 1719 966 2,
1759 918 1815 968 a.)
1854 926 1896 958 et
1927 916 2128 972 Hesychii
2167 921 2215 966 2,
2257 917 2313 970 b.)
2353 915 2468 966 τινὲς
2504 916 2556 959 δὲ
2591 916 2647 959 τά

262 990 364 1032 τῶν
414 988 583 1030 δοκῶν
630 979 923 1043 διαστήματα,
968 987 1221 1031 scholiorum
1257 990 1306 1031 B.
1345 987 1400 1031 H.
1439 987 1494 1040 Q.
1533 988 1586 1030 ad
1621 1003 1669 1038 τ,
1712 990 1763 1030 37
1807 983 1914 1030 ἔνιοι
1954 985 2004 1029 δὲ
2042 983 2098 1030 τα
2130 985 2297 1041 μεταξύ
2333 990 2437 1029 τῶν
2471 988 2646 1031 δοκῶν

264 1052 560 1116 διαστήματα,
608 1059 818 1100 Eustathii
847 1075 887 1116 p.
934 1061 1035 1101 1855
1072 1059 1175 1101 καθ’
1218 1056 1394 1115 ἑτέρους
1433 1057 1485 1102 δὲ
1510 1054 1567 1101 τοὶ
1605 1053 1776 1113 μεταξύ
1808 1059 1919 1100 τῶν
1959 1058 2149 1100 δοκῶν.
2227 1059 2364 1101 Nemo
2407 1059 2516 1102 enim
2560 1075 2643 1102 non

263 1134 381 1178 videt,
416 1131 497 1180 τοὶς
538 1128 697 1179 δοκοῠς
733 1131 964 1173 secundum
1000 1131 1163 1186 glossas
1191 1131 1305 1183 illas,
1349 1145 1459 1187 quae
1489 1138 1686 1172 accurate
1715 1129 2031 1184 distinguuntur
2056 1130 2108 1171 ab
2139 1145 2285 1171 eorum
2315 1131 2532 1185 opinione,
2571 1131 2644 1187 qui

261 1197 487 1258 μεσόδμας
523 1204 630 1245 inter
671 1202 887 1244 columnas
924 1210 1159 1244 exstructas
1188 1215 1282 1245 esse
1312 1201 1534 1258 putabant,
1574 1216 1738 1259 super
1776 1201 2054 1244 columnas
2093 1215 2186 1243 esse
2220 1201 2454 1258 ponendaS,
2496 1202 2644 1244 eadem

262 1277 434 1321 δοκῶν
475 1274 775 1330 significatione
811 1281 998 1326 servata,
1036 1282 1164 1331 atque
1199 1274 1240 1315 in
1279 1274 1403 1317 schol.
1433 1273 1563 1330 Vulg.
1600 1274 1667 1316 ad.
1694 1288 1740 1325 τ,
1780 1276 1832 1316 37
1871 1270 2027 1323 οἵτινες
2064 1272 2241 1328 (κίονες)
2270 1266 2378 1330 ἦσαν
2406 1273 2510 1330 περὶ
2540 1272 2646 1325 τούς

259 1347 435 1402 τοίχους
471 1345 526 1391 τά
565 1341 682 1402 ἄκρα
720 1338 1013 1401 βαστάζοντες
1047 1346 1151 1389 τῶν
1192 1345 1370 1388 δοκῶν.
1426 1345 1626 1398 Quocum
1664 1346 1885 1396 convenit,
1931 1348 2043 1402 quod
2076 1346 2228 1388 Galeni
2261 1347 2389 1389 verba
2418 1347 2483 1397 A,
2515 1350 2561 1397 2,
2589 1348 2646 1400 a.)

261 1419 286 1479 ἦ
312 1421 414 1464 καθ’
444 1417 518 1462 ἕνα
545 1413 662 1462 οἶκον
688 1415 754 1468 εἷς
782 1411 860 1460 δύο
886 1417 1199 1475 μεμερισμένον
1228 1415 1485 1475 διορίζουσα
1510 1418 1592 1460 τοῦ
1621 1416 1755 1460 δοκοῦ
1781 1411 1934 1474 εἶρξις,
1965 1432 2074 1473 quae
2099 1418 2151 1459 ad
2175 1418 2256 1460 hoc
2277 1418 2391 1474 prius
2411 1418 2648 1471 μεσοδμῶν

262 1508 396 1550 genus
425 1491 649 1534 referenda
687 1505 777 1532 esse
807 1491 1025 1540 duximus,
1065 1489 1328 1545 explicantur
1362 1503 1467 1531 voce
1497 1483 1731 1538 δοκῶσεως
1772 1491 1788 1541 (
1793 1504 1830 1531 v.
1860 1503 1987 1545 supra
2015 1498 2153 1531 annot.
2185 1491 2254 1543 5.).
2332 1490 2456 1532 Hanc
2493 1505 2641 1532 vocem

262 1574 402 1608 autem
433 1562 675 1617 Hesychius
702 1563 760 1603 sic
789 1561 1121 1617 interpretatur:
1151 1555 1338 1610 δόκωσις
1365 1559 1525 1616 στέγη
1555 1569 1598 1603 et
1627 1557 1652 1615 ἦ
1678 1555 1865 1610 δόκωσις
1891 1558 1915 1616 ἡ
1945 1559 2081 1616 στέγη.

398 1633 481 1676 Sed
511 1635 763 1676 alterum
795 1646 965 1687 quoque
992 1631 1225 1683 μεσοδμῶν
1251 1646 1387 1683 genus
1417 1646 1442 1674 a
1471 1632 1762 1688 compluribus
1792 1633 2092 1686 interpretibus
2114 1631 2380 1681 describitur,
2410 1641 2453 1674 et
2473 1632 2643 1688 quidem

261 1706 313 1749 ab
343 1706 406 1754 iis,
436 1703 588 1761 quibus
617 1703 659 1745 in
689 1702 864 1745 aedibus
893 1703 1127 1746 Homericis
1157 1702 1418 1756 explicandis
1449 1719 1612 1746 summa
1640 1703 1747 1746 fides
1777 1703 1968 1746 habenda
1997 1712 2073 1745 est.
2116 1703 2283 1746 Scholia
2314 1703 2503 1760 Vulgata
2534 1704 2645 1747 enim

260 1777 312 1820 ad
341 1792 379 1827 τ,
410 1777 459 1819 37
489 1775 548 1818 ita
575 1792 584 1818 :
615 1774 673 1831 (v.
705 1790 831 1831 supra
860 1775 918 1824 A,
947 1778 987 1824 2,
1016 1774 1070 1830 c.)
1101 1766 1344 1826 Μεσόδμαι
1371 1791 1385 1817 .·
1412 1769 1467 1817 τά
1501 1772 1672 1828 μεταξδ
1717 1775 1819 1817 τῶν
1863 1772 2057 1817 κιόνων
2102 1767 2436 1832 διαφράγματα,
2486 1772 2647 1825 οἵτινες

259 1841 364 1904 ἦσαν
389 1846 496 1906 περὶ
523 1843 631 1896 τούς
657 1843 829 1899 τοίχους
854 1841 909 1888 τά
946 1840 1063 1903 ἄκρα
1098 1837 1389 1900 βαστάζοντες
1424 1846 1514 1888 τῶν
1551 1845 1704 1890 δοκῶν.
1762 1846 1888 1889 Unde
1933 1846 2137 1897 efficitur,
2186 1863 2317 1903 quum
2363 1845 2509 1899 δοκοί,
2556 1848 2644 1891 sive

259 1919 467 1962 lacunaris
496 1918 636 1961 trabes
664 1917 874 1973 intelligis,
905 1918 1004 1969 sive,
1036 1918 1147 1974 quod
1178 1918 1303 1969 malo,
1332 1918 1384 1960 ad
1413 1919 1513 1960 tecti
1542 1919 1869 1962 materiationem
1901 1935 1970 1961 eas
1999 1919 2155 1969 refers,
2183 1918 2391 1961 columnis
2421 1920 2643 1975 impositae

260 1991 386 2033 fuisse
416 1991 621 2040 dicantur,
652 1981 967 2048 διαφράγματα
996 1988 1066 2030 illa
1094 1983 1261 2042 μεταξύ
1287 1989 1374 2030 τῶν
1403 1981 1564 2040 κιόνων,
1595 1989 1748 2046 quibus
1775 1989 2014 2043 μεσοδμῶν
2042 2005 2192 2032 nomen
2225 1990 2375 2032 indidit
2401 1990 2642 2041 scholiasta,

260 2078 344 2103 non
375 2063 523 2104 eodem
553 2062 647 2103 loco
677 2076 767 2104 esse
796 2061 1029 2115 cogitanda.
1064 2061 1197 2102 Immo
1227 2061 1303 2102 sub
1333 2060 1477 2101 δοκῶν
1504 2061 1671 2102 illarum
1701 2077 1905 2120 compage
1935 2071 1977 2104 et
2007 2063 2085 2103 sub
2116 2063 2313 2120 epistylio
2345 2077 2476 2103 vacua
2508 2063 2642 2119 spatia

260 2134 405 2176 relicta
435 2143 568 2185 erant,
598 2148 675 2191 per
704 2147 771 2175 me
800 2133 911 2182 licet,
942 2131 1030 2174 fere
1060 2141 1260 2189 quattuor
1289 2132 1355 2174 vel
1386 2133 1574 2189 quinque
1602 2134 1756 2190 pedum
1783 2134 1824 2175 in
1846 2133 2125 2188 altitudinem,
2156 2135 2306 2190 quibus
2329 2126 2645 2191 διαφράγματα

260 2205 352 2255 illa,
390 2204 415 2246 i.
446 2220 482 2247 e.
511 2206 823 2247 transversi
860 2204 1038 2262 parietes
1065 2204 1327 2258 intergerivi‚
1357 2204 1444 2246 fere
1471 2211 1631 2261 septem
1661 2204 1727 2246 vel
1756 2214 1853 2246 octo
1882 2206 2013 2262 pedes
2043 2222 2174 2263 supra
2204 2207 2293 2248 oeci
2323 2207 2503 2255 fundum
2533 2206 2645 2256 editi,

260 2277 369 2318 inter
399 2277 614 2317 columnas
643 2276 856 2317 substrata
885 2283 1012 2317 erant.
1056 2275 1247 2317 Eandem
1276 2275 1509 2326 μεσοδμῶν
1532 2276 1757 2330 imaginem
1787 2276 1980 2318 referunt
2009 2293 2092 2318 non
2120 2279 2245 2319 modo
2276 2278 2486 2318 Eustathii
2515 2278 2646 2319 verba

228 2345 301 2404 ‘p.
336 2350 465 2397 1855,
495 2363 622 2404 supra
650 2352 699 2398 2,
740 2353 796 2401 c.)
838 2342 1152 2405 διαφράγματα
1189 2339 1216 2402 ἢ
1252 2346 1328 2390 καὶ
1371 2339 1708 2403 διαστήματα
1750 2345 1955 2401 μεταξῦ
2000 2350 2105 2390 τῶν
2146 2343 2360 2398 κιόνων,
2405 2345 2471 2402 οἵ,
2515 2362 2642 2405 φασι,

258 2418 366 2474 περὶ
395 2416 504 2468 τούς
529 2417 703 2473 τοίχους
731 2410 860 2476 ἦσαν,
903 2420 974 2460 ubi
1016 2433 1162 2469 nemo,
1206 2419 1377 2475 opinor,
1418 2419 1642 2462 intervalla
1675 2435 1838 2476 supra
1877 2421 2095 2462 columnas
2124 2422 2268 2462 relicta
2299 2421 2526 2475 intelliget,
2571 2421 2643 2463 sed

260 2491 384 2533 etiam
435 2491 677 2534 Aristarchi
724 2492 867 2546 glossa
912 2482 1169 2543 μεσόστυλα.
1226 2491 1350 2543 Quae
1397 2506 1480 2533 vox
1527 2507 1660 2547 quum
1688 2494 1748 2545 (v,
1783 2494 1840 2542 A,
1871 2491 1960 2546 3.))
1998 2493 2101 2534 locis
2135 2508 2159 2535 a
2200 2494 2420 2547 Ducangio
2463 2493 2642 2535 laudatis

259 2561 463 2616 significet
506 2563 739 2606 ”tabernas
778 2563 819 2605 in
858 2562 1186 2606 intercolumniis
1215 2571 1490 2606 exstructas«
1535 2563 1623 2607 sive
1668 2564 1885 2607 »tabulata
1924 2564 2237 2608 intercolumnis
2277 2565 2381 2620 (sic)
2418 2564 2639 2615 affixa«,

259 2648 341 2675 non
370 2633 510 2676 minus
539 2650 665 2690 quam
696 2649 807 2691 quae
837 2635 915 2678 sub
944 2635 981 2676 E
1012 2635 1064 2678 de
1090 2632 1242 2691 ταῤῥῷ
1269 2642 1311 2677 et
1339 2633 1436 2678 ibid.
1466 2634 1518 2678 de
1548 2627 1789 2692 κρεμάθρᾳ
1816 2650 1869 2678 ex
1890 2636 2184 2692 Aristophanis
2213 2635 2379 2678 scholiis
2409 2635 2642 2687 attulimus,

260 2697 523 2761 κρεμάθρας
550 2706 727 2750 formam
757 2706 937 2763 intelligi
959 2706 1094 2761 jubet,
1124 2707 1292 2762 qualem
1321 2705 1445 2750 hodie
1474 2707 1643 2750 nomine
1673 2707 1836 2750 Gallico
1867 2707 2189 2762 „soupente“
2221 2707 2495 2762 appellamus.
2542 2705 2641 2758 Qua

258 2777 299 2817 in
329 2790 375 2818 re
405 2791 457 2818 ne
486 2776 612 2831 hujus
642 2779 845 2834 temporis
875 2777 1115 2834 exemplum
1143 2777 1372 2828 desideres,
1403 2777 1644 2822 exscribere
1672 2778 1793 2820 liceat
1822 2779 1948 2821 verba
1978 2778 2188 2834 scriptoris
2209 2777 2362 2820 Gallici
2394 2777 2641 2830 nCourier«,

261 2847 331 2902 qui
360 2846 400 2889 in
430 2846 559 2890 literis
590 2848 641 2890 »ὰ
668 2866 720 2892 sa
747 2850 911 2893 cousz'ne
939 2848 1136 2892 Madame
1164 2848 1354 2907 Piyallffl
1389 2849 1572 2899 Roma,
1597 2848 1698 2904 pres
1725 2849 1902 2899 Ρονιίοὶ,
1941 2848 1977 2891 le
2010 2849 2081 2890 1er
2107 2848 2213 2891 Nov.
2247 2847 2410 2890 1807.‹a
2455 2849 2640 2904 repetitis

259 2919 301 2962 in
330 2917 471 2974 Sz‘ipfle
487 2917 635 2973 franz.
666 2920 808 2963 Leseb.
842 2919 885 2964 S.
919 2921 1005 2962 137
1019 2921 1079 2977 ff.
1119 2919 1325 2976 ejusmodi
1360 2926 1617 2963 structuram
1656 2920 1898 2970 adumbrat,
1943 2933 2067 2974 quam
2110 2920 2152 2961 in
2193 2917 2319 2962 domo
2349 2919 2524 2977 hospitis
2564 2920 2639 2970 sui,

261 2988 494 3031 carbonarii
523 2990 712 3041 Calabri,
753 2991 1042 3051 deprehendit.
1109 2991 1198 3035 ”Le
1235 3008 1379 3050 souper
1395 2991 1509 3049 fini,
1548 3008 1598 3035 on
1631 3009 1729 3035 nous
1756 2994 1902 3041 laisse;
1939 3007 2010 3033 nos
2050 2992 2161 3034 Izates
2200 2992 2432 3034 couchaient
2467 3009 2517 3035 en
2553 2994 2637 3042 bas,

259 3075 361 3102 nous
392 3059 496 3103 dans
524 3061 569 3104 la
597 3061 781 3106 chambre
808 3064 928 3107 haute
956 3064 1005 3107 οὐ
1031 3079 1134 3107 nous
1169 3065 1312 3108 avions
1346 3063 1508 3122 martqe‘.
1574 3065 1661 3108 Une
1702 3071 1971 3120 soupente,
2015 3062 2183 3106 έῐευέε
2222 3065 2279 3106 de
2319 3073 2427 3121 sept
2468 3064 2494 3106 ὰ
2533 3065 2641 3106 huit

256 3131 443 3185 pieds,
485 3132 534 3175 οιὶ
572 3133 649 3176 l'on
690 3136 913 3178 montait
943 3152 1045 3193 par
1083 3152 1177 3179 une
1212 3136 1436 3187 eft-helle,
1479 3136 1606 3179 c'e‘tait
1630 3136 1672 3178 ἰὰ
1700 3135 1737 3177 le
1764 3136 1929 3177 com-her
1957 3134 2035 3191 qui
2057 3150 2160 3177 nous
2187 3137 2394 3186 attendait,
2424 3135 2557 3191 espec-e
2585 3135 2638 3177 de

259 3201 359 3255 nid,
403 3202 510 3245 dans
549 3205 684 3261 lequel
718 3222 767 3248 on
804 3207 1101 3250 8'introduisait
1135 3223 1184 3250 en
1218 3216 1411 3265 rampant
1445 3224 1542 3249 sous
1572 3207 1644 3250 des
1671 3207 1816 3249 solive-3
1845 3206 2039 3263 charye'es
2067 3208 2116 3248 de
2136 3208 2373 3261 provisions
2398 3223 2506 3261 pour
2533 3216 2637 3248 toute

258 3272 422 3315 Faunae.
471 3274 571 3318 Mon
600 3280 818 3320 camarade
839 3296 871 3334 y
896 3283 1065 3336 qvimpa
1093 3280 1180 3322 seul
1205 3289 1302 3321 eta«
1363 3279 1447 3321 Vix
1476 3287 1615 3321 tamen
1644 3277 1896 3319 monendum
1926 3278 2015 3328 erit,
2046 3293 2099 3319 ne
2131 3279 2223 3333 quis
2252 3287 2383 3334 putet,
2414 3278 2637 3321 Calabram

2037 3346 2062 3384 6
2083 3344 2105 3369 *
