2955 3681
1439 89 1504 137 ³5

280 239 335 283 ad
364 244 570 282 crateram
598 232 818 288 transiisse
842 249 856 276 z
884 227 1141 293 ορσοθύραν
1165 246 1298 291 prope
1325 241 1536 277 crateram
1564 234 1615 275 in
1645 234 1922 278 interiore
1950 235 2068 279 oeci
2096 241 2267 291 parte,
2296 250 2380 278 non
2408 250 2544 295 prope
2571 237 2665 281 oeci

271 312 454 368 januam,
482 306 604 350 aulae
639 305 885 357 adversam,
926 305 1182 350 collocemus
1210 299 1492 349 ueceose‘est.
1549 304 1703 361 Neque
1727 304 1860 361 magis
1889 321 1967 358 ea,
2011 321 2120 364 quae
2148 306 2398 350 Eustathius
2439 311 2568 359 1921,
2605 311 2662 352 22

278 382 379 425 dicit
408 373 634 435 »ταύτην
665 372 757 434 τήν
791 370 1119 434 ὀρσοθύρην
1148 400 1201 410 -
1236 372 1408 419 κελεύει
1434 370 1665 425 Ὀδυσσεῦς
1697 370 1788 419 τὸν
1812 370 2062 430 Εὔμαιον
2089 371 2437 435 φράζεσθαι
2465 396 2501 422 κ.
2526 395 2564 422 τ.
2591 379 2659 423 ³..-

276 451 532 496 conveniunt
562 464 661 491 cum
689 448 866 490 Homeri
895 447 1031 490 verbis
1058 452 1127 499 22,
1159 450 1237 490 126
1265 462 1358 504 sqq.
1384 463 1395 489 z
1421 441 1666 506 Ὀρσοθόρη
1693 446 1743 491 δέ
1767 462 1836 498 τις
1863 446 1986 491 ἔσκεν
2013 442 2210 505 ἐυδμῆτφ
2238 448 2301 493 ε’νὶ
2328 448 2486 507 τοίχῳ,
2514 444 2663 506 Ἀκρό-

274 535 403 566 τατον
440 518 491 562 δὲ
517 520 625 577 παρ’
653 513 788 571 ορδὸν
814 517 1054 569 ἐυσταθέος
1079 514 1292 576 μεγάροιο
1311 510 1389 560 Ἠν
1414 514 1520 569 ὁδός
1545 517 1592 569 ἐς
1619 512 1806 577 λαύρην,
1832 518 2009 568 σανίδες
2037 519 2074 562 δ’
2093 516 2192 572 ἔχον
2219 513 2268 563 εὖ
2294 515 2515 579 ἀραρυῖαι.
2573 518 2662 578 Tr>

275 592 317 637 δ’
335 585 566 644 Όδυσσειῖς
598 585 864 648 φράζεσθαι
900 584 1060 647 α’νιόγει
1098 589 1196 634 δῖον
1224 582 1424 648 ὑφορβόν
1445 583 1628 635 ‘Emotis'
1659 586 1754 654 ἄγχ’
1783 585 1929 649 αὐτῆς.
1986 591 2210 635 Falluntur
2239 593 2373 645 enim,
2412 593 2484 650 qui
2511 591 2587 649 τὴν
2613 593 2658 637 in

276 681 315 708 v.
348 668 427 708 129
456 664 508 707 ad
537 655 791 721 ὄρσοθὸραν
817 661 961 706 referri
990 662 1152 713 volunt,
1180 669 1226 705 et
1252 670 1370 706 recte
1397 662 1467 720 qui
1496 663 1661 715 scribet,
1692 663 1818 706 colon
1848 665 1919 719 (ut
1943 663 2001 706 H.
2023 662 2170 720 Steph.
2192 662 2241 707 P.
2261 663 2339 708 Gr.
2366 664 2500 722 princ.
2528 680 2657 709 carm.

274 737 366 780 her.
401 739 506 779 1566
542 744 585 778 et
624 736 716 778 fere
750 748 896 777 omnes
935 744 1031 777 ante
1060 733 1325 786 Bekkerum,
1365 736 1437 791 qui
1476 749 1642 778 comma
1684 733 1872 790 scripsit)
1912 735 1978 777 vel
2008 744 2213 793 punctum
2242 743 2339 792 post
2366 732 2428 778 ἐνὶ
2454 734 2587 792 τοίχῳ
2613 736 2656 780 iu

274 823 315 850 v.
341 798 426 850 ‘126
454 808 600 864 pinget
628 813 672 849 et
698 819 723 847 a
751 819 789 848 v.
823 806 896 847 127
927 797 1188 862 Ἀκρότατον
1213 801 1261 848 κ.’
1278 819 1316 847 τ.
1346 803 1402 856 λ.,
1432 805 1502 848 ubi
1531 804 1720 847 Pollucis
1749 805 1875 847 codd.
1908 805 1972 856 C„
2003 805 2071 856 V„
2101 805 2321 849 Palatinus
2348 805 2378 849 J
2382 806 2656 862 ungermanni

272 887 314 924 et
353 886 517 922 veteres
559 877 763 921 editiones
803 875 852 933 (l.
883 876 976 929 lx,
1022 892 1054 920 s.
1090 876 1166 933 38)
1206 890 1284 935 pro
1320 875 1426 935 παρ’
1464 869 1598 920 ου’δόν
1635 875 1835 933 optimam
1875 880 2137 934 glossam
2169 872 2383 920 ἔκτοσθεν
2417 877 2459 920 in
2489 892 2654 920 versum

272 958 525 1007 receperunt
541 950 608 1003 ¹⁸),
637 965 675 993 v,
703 955 846 992 annot.
876 952 927 991 34
957 949 1008 992 ad
1039 948 1067 990 l.
1096 948 1139 1000 1.,
1168 962 1328 991 novum
1357 948 1481 991 colon
1511 948 1689 1006 incipiet.
1731 948 1850 991 Audi
1880 949 2004 1001 enim,
2034 964 2144 1006 quae
2163 948 2410 992 Homerus
2398 963 2488 1008 lpse
2508 950 2658 992 tradat.

272 1022 555 1067 Telemachus
584 1037 624 1065 v.
659 1024 735 1064 154
764 1033 854 1077 sqq.
881 1019 1053 1064 Ulixem
1082 1018 1348 1077 alloquitur.
1367 1011 1417 1062 Ω
1444 1013 1602 1077 πάτερ,
1631 1013 1766 1071 αὐτὸς
1791 1014 1877 1077 ἐγω
1901 1016 2008 1063 τόδε
2033 1023 2069 1077 γ’
2098 1022 2316 1077 τμβροτον
2343 1046 2397 1054 -
2425 1013 2655 1075 θαλάμοιο

273 1086 418 1152 θύρην
445 1093 636 1143 πυκινῶς
663 1085 881 1149 άραρυῒαν
908 1084 1143 1136 Κάλλιπον
1169 1085 1390 1148 α’γκλίνας·
1430 1093 1515 1135 τῶν
1556 1091 1607 1136 δὲ
1645 1087 1813 1150 σκοπός
1839 1084 1910 1149 ἦεν
1937 1086 2137 1146 α’μείνων.
2191 1086 2308 1137 ”Αλλ
2336 1092 2426 1145 ἴθι,
2450 1092 2537 1171 jam
2566 1093 2655 1136 Eu

273 1182 443 1210 maeum
474 1165 689 1221 appellans
717 1165 861 1221 inquit,
891 1164 948 1207 δῖ’
976 1158 1160 1218 Ευμαιε,
1189 1160 1336 1220 θύρην
1362 1161 1521 1214 ἐπίθες
1548 1160 1787 1217 θαλάμοιο.
1843 1165 2054 1210 Eumaeus
2081 1166 2228 1220 igitur,
2258 1179 2383 1221 quem
2414 1165 2448 1207 si
2475 1158 2546 1221 τήν
2573 1171 2653 1207 etc.

273 1254 312 1281 v.
348 1240 438 1281 129.
471 1241 547 1280 130
584 1237 637 1279 ad
675 1227 927 1294 ὄρσοθὸραν
962 1235 1165 1287 referres,
1207 1234 1346 1278 Ulixis
1384 1235 1557 1293 imperio
1599 1238 1960 1293 obtemperantem
1999 1252 2133 1294 prope
2166 1230 2427 1293 ὀρσοθύραν
2464 1243 2576 1279 stare
2613 1244 2654 1279 et

271 1310 382 1353 hanc
409 1309 544 1367 ipsam
574 1309 797 1351 observare
826 1315 1111 1364 exspectares,
1138 1322 1222 1351 non
1252 1308 1294 1350 in
1322 1308 1485 1351 aedium
1506 1317 1621 1364 parte
1638 1309 1837 1351 interiore
1857 1309 1944 1351 sive
1972 1310 2012 1351 in
2033 1310 2124 1352 oeci
2141 1311 2269 1364 μυχῷ
2286 1324 2417 1365 prope
2435 1315 2655 1359 crateram,

272 1381 343 1423 ubi
370 1374 631 1435 ὀρσοθιῖραν
659 1380 786 1422 fuisse
816 1380 1030 1422 Homerus
1059 1378 1205 1429 tradit,
1243 1393 1282 1422 v,
1310 1393 1461 1434 supra,
1493 1380 1581 1422 sive
1608 1379 1650 1422 in
1679 1379 1815 1422 vicino
1845 1381 2026 1435 quodam
2057 1380 2223 1423 occulto
2252 1381 2452 1432 transitu,
2489 1394 2575 1435 quo
2603 1380 2655 1422 ad

272 1444 528 1508 ὄρσοθύραν
554 1449 700 1492 accedi
728 1450 916 1506 potuisse
945 1448 1142 1503 fingeres,
1171 1448 1244 1492 sed
1272 1449 1463 1505 proxime
1484 1448 1669 1499 Ulixem,
1698 1449 1738 1491 in
1767 1449 1987 1505 principali
2016 1451 2108 1492 oeci
2129 1449 2263 1505 janua
2283 1457 2479 1500 stantem,
2511 1449 2651 1491 locum

272 1530 402 1565 tenet.
459 1520 661 1577 Alioquin
701 1519 812 1563 enim
842 1518 1125 1563 Telemachus
1162 1518 1310 1563 eodem
1349 1528 1540 1577 tempore
1575 1527 1620 1564 et
1649 1519 1817 1564 Ulixem
1855 1528 1897 1565 et
1927 1521 2161 1564 Eumaeum
2199 1519 2358 1577 alloqui
2388 1535 2471 1564 non
2500 1520 2650 1576 potuit.

272 1594 410 1650 Atqui
449 1601 625 1649 apparet
653 1592 889 1635 Eumaeum
928 1606 1014 1634 non
1054 1590 1186 1647 ipsam
1222 1584 1502 1648 ὀρσοθύραν,
1537 1593 1614 1635 sed
1652 1589 1757 1635 ὀδὸν
1793 1590 1841 1642 ἐς
1883 1585 2046 1648 λαύρην
2080 1609 2117 1635 ν.
2150 1596 2224 1635 127
2265 1593 2525 1636 observasse.
2585 1591 2651 1635 Ita

274 1664 444 1706 demum
473 1671 589 1706 recte
617 1661 933 1719 intelliguntur,
963 1676 1073 1718 quae
1103 1677 1141 1705 v,
1176 1665 1265 1705 162.
1297 1665 1376 1706 163
1406 1663 1565 1720 scripta
1592 1671 1692 1705 sunt
1721 1680 1731 1706 ε
1760 1655 1885 1721 νόησε
1915 1661 1965 1705 δὲ
1995 1663 2091 1713 δῖος
2121 1659 2319 1720 ὑφορβός
2348 1662 2652 1718 (Melambium

271 1736 421 1778 iterum
456 1750 573 1776 arma
600 1732 854 1792 petentem),
892 1726 1031 1791 Λῖψα
1060 1733 1099 1774 δ’
1124 1726 1337 1791 Ὀδυσσῆα
1374 1726 1682 1792 προςεφοῖνεεν
1720 1729 1871 1789 ε’γγύς
1914 1732 2084 1778 ἐόντα.
2148 1736 2386 1785 Eumaeus,
2431 1734 2484 1775 cf.
2516 1733 2660 1776 tabula

272 1805 577 1864 lithographica
619 1813 832 1848 extremae
869 1804 965 1847 huic
1003 1805 1340 1848 commentationi
1369 1805 1534 1857 addita,
1576 1805 1650 1863 fig.
1680 1806 1717 1848 B
1748 1809 1826 1862 (=
1856 1807 1906 1848 de
1935 1807 2054 1850 aedd.
2083 1806 2129 1857 Ι,
2167 1806 2268 1848 tab.
2298 1805 2345 1856 Ι,
2376 1805 2448 1862 fig.
2478 1804 2566 1860 B),
2608 1805 2659 1849 de

271 1874 420 1934 ἐξόδῳ
449 1878 521 1920 illa
548 1892 590 1919 n.
618 1880 658 1932 6,
688 1891 813 1934 quam
844 1876 1161 1929 observaverat,
1192 1864 1370 1920 accessit
1397 1877 1451 1919 ad
1477 1893 1518 1921 n.
1548 1878 1587 1929 7,
1618 1877 1674 1919 ibi
1702 1878 1807 1920 vidit
1836 1878 2112 1922 Melanthium
2143 1892 2219 1935 per
2248 1872 2418 1935 λαύραν
2447 1890 2657 1918 armorum

272 1950 505 1992 thalamum
547 1949 636 2004 (lit.
666 1950 716 2003 t)
751 1955 985 2004 petentem,
1028 1955 1072 1989 et
1110 1949 1251 1990 statim
1293 1949 1347 1990 ad
1375 1948 1549 1991 Ulixem
1585 1963 1719 2007 prope
1757 1949 1801 1991 in
1838 1965 1878 1991 n.
1908 1954 1931 1991 2
1961 1959 2141 1991 stantem
2170 1949 2306 1991 rediit.
2337 1973 2391 1979 —
2420 1947 2558 1989 Etiam
2587 1946 2658 1989 illa

270 2017 486 2062 E'ustathii
515 2020 566 2062 de
596 2020 781 2062 altera
815 2011 1111 2075 ὀρσοθῦρᾳ
1147 2019 1372 2070 sententia,
1402 2020 1524 2076 cujus
1555 2036 1684 2077 supra
1712 2036 1810 2076 pag.
1839 2025 1908 2071 48,
1939 2037 1976 2062 v.
2006 2023 2071 2063 25.
2102 2023 2155 2062 26
2185 2019 2438 2061 mentionem
2469 2019 2655 2067 fecimus,

273 2108 413 2148 neque
449 2092 502 2133 ab
533 2092 724 2133 Homero
769 2106 907 2146 neque
945 2091 997 2132 ab
1028 2091 1115 2133 ullo
1146 2092 1278 2133 veteri
1304 2091 1530 2146 interprete
1558 2101 1722 2148 praeter
1749 2090 1857 2141 τούς
1884 2089 2104 2140 παλαιοιῗς
2133 2090 2341 2133 Eustathii
2370 2090 2654 2133 confirmatur.

273 2163 409 2205 Immo
439 2161 731 2204 contraria
759 2161 922 2217 opinio,
950 2162 1145 2204 Eustath.
1179 2164 1305 2212 1921,
1333 2166 1387 2205 46
1416 2179 1426 2204 ε
1456 2155 1631 2204 π’[στέον
1659 2161 1709 2205 δὲ
1737 2156 1804 2205 ὅτι
1833 2163 2037 2206 παλαιῶν
2060 2163 2185 2205 τινῶν
2213 2155 2423 2218 λεγόντων
2449 2159 2654 2211 ἐνταῦθα,

274 2228 336 2284 οἷς
363 2229 408 2276 ἐν
433 2232 499 2288 τῷ
524 2232 606 2274 τοῦ
634 2229 759 2275 οἴκου
788 2228 928 2275 ἔναντι
957 2230 1090 2289 τοίχω
1119 2224 1243 2290 θύρα
1270 2223 1339 2289 ἦν,
1369 2231 1427 2276 δι’
1455 2223 1507 2290 ἧς
1533 2229 1598 2283 εἰς
1623 2230 1700 2276 τόν
1727 2225 1938 2288 θάλαμον
1966 2225 2011 2290 ἦν
2039 2227 2275 2318 α’ναβῆναι,
2313 2231 2515 2292 φαίνεται
2543 2229 2603 2282 ὠς
2629 2228 2655 2290 ἡ

273 2297 380 2362 αὕτὴ
426 2296 657 2362 ορσοθι’ρη
692 2302 925 2361 ἐπιτηδεία
960 2296 1008 2362 ἦν
1042 2303 1117 2349 καὶ
1142 2302 1249 2363 βοὴν
1276 2303 1445 2350 ἐκεῖθεν
1491 2303 1701 2361 γενέσθαι
1744 2305 1818 2351 καὶ
1848 2299 2077 2363 άναγαγεῖν
2103 2302 2169 2357 εἷς
2194 2301 2250 2349 τά
2278 2300 2409 2350 ὅπλα.
2449 2303 2546 2350 ἐπεὶ
2581 2296 2653 2347 οὖν

270 2393 328 2421 αι
332 2392 380 2434 τη
410 2369 616 2420 ασυντελι
603 2390 641 2431 ς
667 2366 716 2433 ἦν
743 2372 808 2427 εἰς
836 2369 890 2421 τό
918 2377 1116 2434 πρῶτον,
1150 2390 1410 2436 χρησιμευει
1439 2375 1599 2421 λοιπόν
1626 2373 1690 2430 εἰς
1726 2373 1776 2422 τό
1803 2372 2019 2436 δεύτερον.
2051 2378 2125 2423 καὶ
2155 2372 2239 2422 α’να
2239 2372 2324 2433 βάς
2353 2378 2414 2421 δι’
2434 2370 2597 2434 αὐτῆς
2625 2372 2652 2419 o‘

270 2440 533 2498 Μελάνθιος
573 2446 704 2503 φέρει
742 2440 913 2501 τεύχεα.
958 2448 1115 2492 δοκεῖ
1147 2447 1198 2492 δὲ
1236 2451 1494 2505 κρεῖττον
1527 2443 1663 2501 εἶναι,
1704 2450 1909 2506 δευτέραν
1946 2449 2040 2493 τινὰ
2070 2445 2344 2507 ὀρσοθίρην,
2379 2463 2440 2498 ως
2474 2447 2649 2505 ε’ρὑθη,

270 2520 432 2576 νοῆσαι,
463 2518 521 2562 δι’
540 2511 591 2575 ἧς
617 2513 781 2573 ἀναβάς
807 2515 832 2562 ὁ
857 2515 1122 2571 Μελάνθιος
1147 2518 1330 2577 ἐποίησε
1356 2518 1408 2564 τό
1436 2513 1601 2564 κακόνιι
1634 2537 1684 2565 eo
1714 2522 1867 2565 certius
1896 2522 2161 2565 defendenda
2189 2530 2268 2572 est,
2298 2535 2426 2578 quum
2447 2520 2649 2577 explicari

272 2593 429 2648 possit,
461 2607 500 2633 V.
529 2591 635 2634 iufra
662 2607 759 2648 pag.
788 2594 852 2642 62,
883 2599 979 2669 ppst
1007 2591 1131 2641 med„
1160 2592 1374 2647 quomodo
1403 2592 1508 2636 falsa
1534 2593 1604 2635 illa
1632 2594 1683 2635 de
1713 2594 1869 2649 duplici
1896 2589 2129 2650 ορσοθύρᾳ
2157 2594 2294 2649 opinio
2324 2592 2422 2633 oriri
2448 2590 2647 2647 potuerit.

406 2662 505 2706 Jam
536 2678 636 2706 vero
664 2663 784 2706 locus
815 2662 867 2705 de
896 2655 1130 2719 ὀρσοθύρᾳ
1159 2662 1369 2720 duplicem
1399 2664 1524 2707 habet
1553 2664 1857 2721 quaestionem,
1887 2666 2077 2715 alteram,
2107 2665 2240 2721 qualis
2259 2664 2384 2706 fuerit
2403 2654 2649 2718 ορσοθυρα,

269 2734 472 2785 alteram,
518 2749 602 2792 quo
645 2735 738 2778 loco
779 2734 1002 2791 cogitanda
1039 2734 1105 2789 sit.
1133 2758 1187 2766 —
1225 2735 1408 2787 Qualem
1450 2729 1705 2792 ὀρσοθὺραν
1737 2737 1811 2780 tibi
1851 2736 1986 2779 animo
2026 2737 2184 2790 fingas,
2223 2735 2256 2776 si
2284 2734 2491 2776 Eustathii
2521 2734 2650 2777 verba

268 2820 311 2861 p.
345 2808 443 2847 1921
479 2807 644 2861 legeris,
676 2806 744 2848 vix
774 2807 999 2854 decernes3
1031 2806 1132 2847 alios
1161 2807 1388 2862 scriptores
1418 2807 1452 2848 si
1480 2815 1650 2850 secutus
1678 2809 1783 2858 eris,
1813 2808 1915 2849 satis
1944 2807 2208 2862 probabiliter
2238 2806 2448 2859 conjicere
2477 2806 2647 2860 poteris.

268 2876 338 2920 Et.
367 2877 429 2919 M.
461 2878 630 2934 quidem
659 2895 699 2936 p.
729 2882 810 2920 634
840 2866 1134 2934 »Ὀρσοθύρή,
1171 2875 1307 2934 θυρὶς
1344 2878 1400 2920 δι’
1421 2869 1469 2932 ἧς
1504 2875 1571 2929 εἰς
1606 2876 1806 2935 ὑπερῷον
1834 2870 2020 2934 ὑπάρχει
2047 2870 2286 2930 άνάβασις·
2320 2870 2448 2932 παρά
2472 2870 2525 2919 τό
2552 2871 2647 2934 ι’)’ρω

266 2941 387 3005 ὅρσω
426 2950 500 2993 καὶ
535 2945 585 2992 τὸ
620 2945 759 3008 θύρα.
831 2950 969 3004 (Haec
1007 2950 1141 3005 prima
1180 2951 1312 2993 verba
1347 2951 1501 3006 repetit
1536 2952 1604 2993 Et.
1643 2951 1758 2993 Gud.
1787 2953 1888 3003 436,
1918 2952 1971 2990 50
2013 2956 2065 2990 et.
2102 2948 2205 2991 Orio
2240 2949 2377 2992 Theb.
2414 2950 2481 2992 ed.
2522 2949 2646 2992 Sturz

267 3034 310 3076 p.
338 3023 441 3075 627,
470 3023 554 3077 44)
579 3014 828 3079 Ὀρσοθὺρη
857 3021 905 3063 δέ
931 3036 998 3070 τις
1024 3017 1146 3063 ἔσκεν
1175 3038 1186 3064 :
1213 3047 1265 3053 —
1294 3021 1430 3078 θυρίς
1464 3037 1532 3071 τις
1568 3018 1706 3065 ἔοικεν
1731 3019 1807 3063 ἐπὶ
1845 3015 1918 3075 τήν
1952 3017 2167 3074 δημοσίαν
2201 3015 2306 3063 ὁδόν
2333 3019 2546 3077 φέρουσα,
2575 3017 2646 3076 ἐφ’

405 3255 449 3299 ¹³)
471 3259 539 3292 nisi
563 3261 670 3297 males
693 3266 845 3294 statuere
870 3262 942 3303 jam
968 3260 1110 3301 antiquo
1135 3265 1288 3302 tempore
1311 3261 1397 3293 alios
1420 3262 1599 3301 scripsisse
1623 3273 1632 3293 ε
1652 3257 1842 3296 'lusoir-5211
1866 3260 1904 3296 δὲ
1926 3260 1977 3299 (in
2000 3258 2181 3311 προδόμου
2204 3263 2330 3303 pariete
2353 3262 2525 3306 exteriore
2544 3262 2644 3294 aul-0

266 3311 429 3356 ιᾶνεηο)
450 3315 533 3363 '¹⁰¹9’
555 3314 660 3353 οὐδόν
687 3322 883 3363 &vacuatas-
904 3312 1079 3369 μεγάροιο.

2045 3376 2069 3413 8
2090 3373 2112 3397 *
