2955 3681
1419 91 1490 181 oa

263 286 338 343 (cf.
366 302 407 328 v.
440 290 517 329 130
541 284 626 339 μία
652 284 692 328 δ’
711 283 788 340 οἵη
812 281 962 338 γίγνετ’
987 275 1166 338 ἐφορμή
1194 286 1239 322 et
1270 280 1346 321 137
1377 276 1451 319 καὶ
1480 269 1691 332 οἶργαλέον
1716 267 1859 326 στόμα
1887 265 2068 330 λαύρης)
2108 271 2232 314 facile
2262 270 2473 327 potuisset-
2500 269 2651 312 arceri.

264 359 400 403 Verte
433 358 561 414 igitur
594 357 676 400 1.1.
718 356 839 398 »und
877 354 972 408 οὐκ
992 352 1099 395 wohl
1113 352 1304 410 Μαάθ
1337 349 1484 392 There
1510 348 1730 391 verucola-te
1758 345 1865 389 ihu«
1907 353 1950 387 et
1988 344 2040 387 cf.
2081 345 2133 386 de
2173 342 2303 386 verbo
2339 337 2441 394 ε”χον
2477 340 2652 383 Hesiod.

260 429 382 475 Scut.
419 431 550 474 Herc.
579 431 660 472 270
688 421 910 482 Χρύσειαι
950 423 1001 468 δέ
1034 439 1111 477 μιν
1145 414 1320 480 (πόλιν)
1356 414 1488 474 εἶχον
1510 415 1806 476 ὑπερθυρίοις
1839 410 2050 473 ἀραρυῖαι
2082 412 2218 458 ‘Enni
2253 409 2398 457 πύλαι
2437 422 2480 455 et
2514 413 2565 455 Il.
2593 412 2655 464 X,

264 506 346 547 264
384 501 481 546 coll.
525 499 658 544 schol.
686 498 800 542 Vict.
829 505 873 541 et
900 496 1200 556 paraphrastae
1227 491 1615 551 interpretationem
1658 485 1918 547 ἐφύλαττον,
1953 502 2209 544 quamquam
2242 485 2419 529 Vossius
2459 484 2655 543 proximo

264 576 348 619 hoc
385 574 477 616 loco
514 571 779 615 intransitive
813 569 997 613 reddidit
1035 565 1282 624 ,μιαιννεεπσε
1320 579 1455 622 aeque
1494 571 1623 621 atque
1658 561 1790 606 schol.
1827 560 1959 616 Vulg.
1998 560 2051 602 ad
2087 566 2149 617 ψ,
2186 563 2238 600 42
2277 557 2404 602 verba
2444 554 2658 605 »σανίδες

266 645 306 689 δ’
326 641 425 698 ἔχον
463 635 515 688 εὖ
549 636 795 700 οἷραρυῒαια
840 640 1100 684 intransitiva
1135 638 1176 682 vi
1203 638 1507 694 interpretatus
1536 643 1638 678 est:
1680 623 1730 677 εὖ
1766 626 2088 689 ἤσφαλισμέναι
2123 621 2240 687 ἦσαν.
2295 633 2369 680 22,
2404 631 2501 679 128,
2545 640 2656 685 quae

267 715 448 759 Vossius
485 715 529 757 in
567 713 753 757 editione
782 710 973 770 principe
1001 709 1228 767 scripserat
1267 707 1370 751 »εἰη
1409 706 1508 765 Weq
1537 707 1586 749 in
1613 704 1697 748 den
1727 704 1877 761 Gany,
1914 703 1991 745 mit
2013 703 2102 757 sest
2129 699 2450 754 verschqusener
2482 698 2653 741 There«

267 787 310 831 in
339 786 404 829 ed.
435 791 604 829 stereot.
634 792 750 828 recte
778 781 960 826 mutavit
986 780 1028 824 in
1057 797 1069 824 ε
1112 780 1216 823 „ein
1253 779 1313 821 JV.
1353 778 1398 821 in
1434 779 1472 821 d.
1503 777 1576 829 G„
1615 779 1684 819 mit
1718 774 1825 818 wohl
1861 773 2139 830 einfuyender
2181 770 2351 813 There«
2393 777 2435 812 et
2474 770 2560 826 ipse
2603 767 2656 813 de

268 858 390 901 aedd.
418 857 454 908 1,
483 873 526 914 p.
555 859 623 906 30,
655 870 722 897 an.
751 857 819 904 31,
848 869 889 895 v.
919 856 945 896 6
974 852 1023 895 ab
1054 851 1251 894 inferiore
1277 849 1469 905 margine
1496 863 1575 906 pro
1607 841 1773 899 »στόμα
1801 844 1838 888 λ.
1862 845 1994 902 janua
2022 843 2093 885 illa
2122 842 2314 884 clausum
2342 840 2470 890 fuit«,
2499 839 2656 882 rectius

269 929 531 987 scripsissem
569 922 711 969 »ὁδόν
738 923 783 974 ἐς
812 917 977 981 λαύρην
997 924 1129 980 janua
1157 922 1229 964 illa
1257 936 1298 962 v.
1331 924 1408 963 128
1439 921 1547 962 bene
1574 916 1841 961 muniebat«.
1871 938 1923 944 —
1954 919 1999 966 3)
2029 916 2207 956 Arma
2237 920 2285 953 ut
2312 912 2421 968 patri
2452 911 2657 967 sociisque

270 1013 348 1044 ex
373 1003 642 1043 thalamo
681 997 867 1047 afferret,
905 1000 981 1046 22,
1015 998 1091 1037 109
1121 993 1402 1036 Telemachus
1438 992 1517 1033 hac
1554 991 1620 1032 via
1649 1002 1899 1045 progressus
1928 994 2028 1027 est:
2068 985 2136 1027 De
2177 982 2320 1025 limine
2361 997 2435 1037 per
2470 990 2658 1039 apertam

263 1072 438 1127 januam
468 1069 764 1129 principalem,
801 1082 877 1123 per
906 1074 1095 1124 apertam
1124 1059 1225 1107 ὁδόν
1250 1062 1298 1114 ἐς
1325 1059 1488 1120 λαύρην
1514 1070 1556 1104 et
1586 1056 1733 1112 στόμα
1761 1050 1926 1114 λαύρης
1953 1058 2085 1113 ipsam
2116 1050 2306 1111 λαύραν,
2337 1055 2379 1094 in
2408 1068 2494 1109 qua
2523 1053 2658 1095 thala-

268 1159 363 1185 mus
393 1157 605 1184 armorum
636 1149 750 1191 erat,
779 1140 953 1181 intravit
981 1137 1216 1193 eademque
1245 1136 1313 1177 via
1340 1134 1482 1184 rediit,
1511 1134 1599 1174 sive
1628 1145 1705 1188 per
1735 1132 1776 1172 2
1805 1127 2033 1183 (interius),
2064 1128 2119 1176 6,
2151 1128 2204 1175 ’1,
2230 1129 2283 1181 q‘
2313 1129 2364 1176 (ι’
2393 1123 2540 1180 petivit
2566 1123 2658 1164 tha-

270 1214 427 1258 lamum
456 1217 482 1257 t
509 1227 651 1270 neque
680 1211 761 1254 alia
789 1211 856 1254 via
883 1209 1068 1253 revertit.
1089 1232 1142 1240 —
1169 1207 1216 1262 4)
1248 1208 1469 1250 Noxios
1498 1218 1639 1262 poena
1667 1200 1869 1250 afficiens,
1898 1199 2074 1241 innoxiis
2103 1212 2278 1254 parcens
2303 1204 2479 1253 apparet
2497 1195 2661 1246 Ulixes,

271 1287 306 1329 si
346 1286 478 1344 ipsam
509 1285 677 1328 caedem
707 1297 934 1341 procorum
966 1282 1008 1323 in
1037 1295 1143 1323 oeco
1172 1279 1328 1322 factam
1356 1276 1599 1328 omittimus,
1629 1277 1685 1329 a)
1715 1273 1758 1315 in
1788 1272 2012 1329 supplicio,
2050 1270 2165 1327 quod
2204 1269 2255 1311 de
2282 1267 2516 1310 Melanthio
2554 1267 2663 1309 sumi

265 1359 390 1415 jussit
409 1357 467 1411 b)
497 1357 539 1399 in
569 1370 709 1413 poena
737 1354 871 1397 noxiis
902 1353 1062 1395 ancillis
1091 1351 1286 1408 imposita
1314 1350 1367 1406 e)
1398 1350 1439 1390 in
1469 1349 1590 1391 venia
1609 1345 1800 1394 Phemio,
1829 1342 2022 1385 Medonti
2052 1341 2296 1396 ancillisque
2323 1339 2507 1381 innoxiis
2537 1337 2661 1380 data:

269 1452 326 1460 —-
344 1433 421 1472 ad
440 1431 495 1484 a)
517 1428 615 1481 Quo
643 1427 736 1469 loco
757 1427 974 1468 Eumaeus
1002 1439 1040 1464 v.
1064 1426 1141 1465 162
1162 1421 1336 1476 steterit,
1365 1419 1438 1461 ubi
1457 1418 1741 1462 Melanthium
1762 1406 1928 1470 λαύραν
1955 1420 2243 1454 transeuntem
2272 1411 2409 1467 adque
2429 1410 2661 1451 thalamum

270 1515 484 1542 armorum
514 1498 783 1540 accedentem
814 1495 1128 1545 animadvertit,
1153 1494 1242 1549 jam
1269 1506 1324 1533 ex
1352 1492 1424 1546 iis,
1454 1504 1561 1548 quae
1591 1503 1719 1546 supra
1749 1486 2070 1543 disputavimus,
2100 1483 2222 1524 facile
2252 1482 2538 1538 cognoscitur.
2595 1481 2663 1522 De

270 1573 412 1614 limine
456 1585 533 1628 per
565 1571 738 1627 januam
776 1567 1074 1625 principalem,
1109 1579 1187 1623 per
1222 1563 1446 1606 αἴθουσαν
1474 1561 1563 1604 sive
1592 1552 1819 1617 πρόδομον
1846 1558 2048 1614 priorem,
2088 1569 2165 1612 per
2201 1549 2302 1595 ὁδόν
2337 1551 2382 1602 ἐς
2419 1545 2585 1609 λαύρην
2621 1559 2663 1595 et

270 1638 502 1700 προδόμου
538 1650 701 1699 partem
740 1640 980 1682 interiorem
1025 1636 1274 1694 (parietibus
1303 1635 1552 1687 inclusam),
1593 1647 1728 1688 usque
1759 1631 1810 1673 ad
1840 1630 2018 1686 primam
2049 1619 2216 1683 λαύραν
2245 1627 2338 1683 (per
2367 1628 2421 1676 2,
2453 1627 2493 1668 6
2522 1624 2576 1666 ad
2605 1625 2661 1678 7)

271 1730 519 1773 progressus
539 1721 642 1757 erat.
670 1714 820 1769 Neque
850 1710 920 1768 qui
943 1710 1067 1765 jussu
1087 1709 1204 1752 Ulixi
1224 1698 1343 1763 (173)
1366 1705 1645 1749 Melanthium
1676 1717 1814 1760 poena
1842 1701 2087 1750 affecerunt,
2116 1699 2330 1740 Eumaeus
2359 1705 2401 1740 et
2419 1696 2663 1746 Philoetius,

272 1803 310 1830 v.
347 1789 421 1829 179
458 1792 692 1844 potuerunt
732 1799 816 1826 non
852 1782 1014 1838 ingredi
1056 1780 1233 1824 eandem
1274 1780 1412 1829 viam,
1455 1792 1584 1834 quam
1625 1773 1908 1818 Telemachus
1943 1772 2157 1827 ingressus
2198 1777 2288 1813 erat
2325 1769 2472 1825 (supra
2509 1768 2550 1810 in
2585 1770 2664 1823 3)).

270 1859 436 1901 Tamen
476 1858 553 1900 hac
594 1856 636 1899 in
664 1869 710 1898 re
737 1869 876 1911 pauca
904 1859 1107 1895 annotare
1145 1852 1282 1894 liceat.
1329 1849 1383 1895 V.
1418 1849 1495 1891 174
1523 1848 1704 1892 Vossius
1740 1845 1868 1888 verba
1908 1842 2126 1899 „caridus
2169 1841 2206 1883 δ’
2226 1837 2407 1895 ἐκδῆσαι
2435 1833 2662 1882 Samon«

273 1929 403 1973 refert
441 1928 492 1971 ad
525 1928 702 1984 januam
731 1927 783 1969 ab
815 1926 1003 1968 Eumaeo
1033 1931 1076 1967 et
1103 1922 1311 1965 Philoetio
1341 1922 1454 1964 intus
1486 1919 1697 1969 clausam,
1740 1932 1792 1959 ne
1832 1916 1942 1958 inter
1980 1912 2283 1970 perficiendum
2321 1926 2430 1969 opus
2467 1926 2493 1954 a
2527 1910 2665 1968 procis

275 2002 613 2059 opprimerentur
627 2015 639 2051 3
680 1997 877 2056 equidem
921 1996 1031 2040 malo
1069 1994 1187 2039 Ulixi
1225 1992 1352 2038 verba
1389 1991 1448 2036 ita
1482 1990 1738 2047 intelligere,
1782 1995 1830 2032 ut
1866 2003 1904 2030 v,
1949 1989 2036 2030 173.
2077 1988 2154 2028 174
2198 1999 2404 2027 summam
2451 1982 2664 2041 praecepti

274 2073 418 2118 Ulixei
453 2072 719 2123 contineant,
757 2086 796 2114 v.
836 2070 1069 2112 175—178
1103 2065 1323 2123 adjiciant,
1367 2079 1453 2122 quo
1491 2062 1618 2107 modo
1647 2061 1795 2104 Ulixes
1836 2059 1978 2101 vivum
2016 2056 2296 2100 Melanthium
2335 2054 2511 2098 cruciari
2551 2055 2664 2097 velit.

274 2146 449 2189 Faesius
487 2144 568 2187 hoc
603 2150 718 2186 recte
744 2141 805 2186 ‘ad
835 2141 861 2183 1.
891 2141 919 2183 l.
949 2138 1201 2197 explicavit,
1244 2137 1383 2179 minus
1412 2142 1610 2178 accurate
1638 2131 1863 2175 scholiasta
1894 2130 1967 2182 Q„
2012 2128 2083 2185 qui
2113 2127 2280 2170 Ulixem
2319 2121 2664 2182 μεταγνόντα

275 2231 314 2258 v·
348 2218 424 2258 175
453 2229 544 2272 sqq.
584 2213 793 2256 addidisse
817 2211 993 2267 judicet.
1023 2234 1077 2241 —-
1107 2209 1160 2251 V.
1193 2210 1269 2251 179
1298 2205 1394 2251 Βάν
1422 2206 1459 2248 δ’
1479 2206 1578 2258 ἴμεν
1606 2202 1652 2254 ἐς
1679 2196 1898 2255 θάλαμον,
1938 2198 2130 2256 λαθέτην
2166 2197 2215 2241 δέ
2243 2212 2319 2250 μιν
2348 2194 2473 2240 ἔνδον
2507 2190 2666 2240 ἐόντα

276 2287 542 2329 doctissimus
572 2285 762 2327 Classen.
820 2282 1184 2338 »Beobachtunqen
1211 2280 1314 2322 iiber
1340 2280 1417 2320 den
1445 2277 1593 2319 homer.
1623 2274 1888 2331 Sprachyebr.
1918 2273 1998 2313 3¹²¹·
2035 2272 2074 2313 T
2071 2271 2151 2312 keil
2171 2287 2215 2326 p.
2249 2271 2304 2310 10
2334 2270 2499 2326 (progr.
2520 2283 2666 2324 gymn.

276 2357 475 2403 Francof.
494 2358 616 2412 1856)
636 2356 816 2398 scribere
836 2353 985 2396 maluit
1007 2350 1221 2408 »λαθέτην
1241 2348 1291 2393 δέ
1309 2364 1385 2403 μιν
1404 2344 1529 2391 ἔνδον
1546 2338 1700 2389 ἐόντε
1715 2362 1751 2387 α.
1783 2344 1945 2387 Verum
1967 2342 2068 2385 vidit
2084 2341 2174 2398 jam
2195 2341 2392 2383 Eustath.
2413 2356 2454 2397 p.
2476 2343 2594 2392 1922,
2615 2343 2664 2382 61

276 2428 338 2474 τώ
371 2430 408 2472 δ’
428 2427 555 2471 ἔσταν
584 2432 682 2482 (scr.
712 2423 854 2480 ἔσταν)
890 2418 1019 2478 λόχου
1060 2421 1183 2479 δίκην
1221 2417 1439 2478 ἑκάτερθε
1477 2416 1602 2473 παρὰ
1642 2418 1888 2468 σταθμοῖσι
1925 2416 2113 2467 μένοντε.
2147 2410 2437 2462 εἰςελθεῖν
2463 2410 2548 2469 γὰρ
2576 2405 2667 2453 οὐκ

276 2502 466 2558 ἐχρῆν,
496 2499 555 2557 μή
586 2499 658 2541 καὶ
688 2492 893 2546 οἷντιστιὶς
923 2493 1101 2543 ἔνοπλος
1130 2486 1365 2550 διεκφύγῃ,
1395 2491 1592 2546 idemque
1621 2489 1816 2544 probavit
1844 2487 2017 2528 Faesius
2033 2501 2044 2535 3
2074 2485 2126 2527 cf.
2156 2485 2334 2526 Homeri
2363 2485 2488 2525 verba
2516 2498 2556 2523 v.
2592 2485 2664 2523 187

278 2567 443 2629 ἔρυσάν
469 2569 516 2613 τέ
542 2585 619 2624 μιν
645 2568 799 2611 εἴσω.
828 2593 872 2599 -
897 2566 951 2608 V.
980 2570 1057 2607 201
1088 2559 1187 2619 (Ta)
1217 2563 1254 2605 δ’
1273 2561 1319 2612 ἐς
1343 2557 1503 2614 τεύχεα
1533 2553 1673 2613 δι’·ντε,
1702 2551 1843 2614 θύρην
1871 2555 2079 2599 ἐπιθέντε
2098 2551 2298 2612 φαεινήν)
2318 2562 2498 2610 uterque
2521 2561 2665 2608 pastor

274 2644 363 2700 jam
395 2647 473 2685 114
512 2651 696 2685 armatus
736 2637 816 2692 (τώ
855 2639 978 2692 δμῶε
1006 2636 1196 2692 δυέσθην
1222 2627 1384 2688 τεύχεα
1410 2625 1542 2687 καλά)
1581 2632 1739 2674 iterum
1775 2646 1891 2673 arma
1920 2629 2074 2681 induit,
2115 2636 2208 2668 tum
2237 2628 2408 2681 januam
2449 2624 2662 2666 claudunt.

278 2715 398 2756 Bene
429 2713 560 2756 schol.
580 2711 634 2765 Q.
665 2712 719 2754 ad
748 2712 790 2753 h.
819 2726 858 2754 v,
888 2702 1220 2761 ἀποδυσόμενοι
1245 2703 1333 2763 γάρ
1361 2696 1483 2763 ἦσαν,
1512 2700 1584 2746 ἵνα
1614 2696 1914 2754 δεσμεύσωσιν
1942 2693 2277 2752 ἀνεμποδίστως
2296 2694 2371 2738 τόν
2389 2686 2663 2737 Μελάνθιον.

234 2835 237 2837 Α
279 2811 332 2818 -
361 2783 502 2835 Viam,
531 2798 616 2840 qua
643 2783 861 2826 Eumaeus
890 2789 934 2824 et
961 2779 1195 2824 Philoetius
1226 2776 1509 2821 Melanthium
1538 2775 1625 2831 jam
1654 2771 1991 2816 interficiendum
2023 2787 2060 2812 v.
2089 2772 2171 2811 474
2201 2769 2241 2810 in
2271 2767 2408 2810 aulam
2439 2766 2665 2808 abduxisse

280 2857 545 2907 viderentur,
585 2869 714 2912 supra
739 2854 803 2906 11,
834 2869 875 2910 p.
907 2856 957 2897 18
986 2852 1065 2896 sub
1101 2859 1207 2895 extr.
1237 2858 1279 2893 et
1312 2865 1354 2908 p.
1389 2852 1438 2891 19
1468 2846 1689 2904 explicavi.
1718 2870 1772 2877 —
1801 2871 1854 2877 -—
1891 2848 1966 2888 ad
1993 2844 2051 2897 b)
2082 2840 2270 2885 Ancillas
2309 2839 2454 2880 noxias
2498 2853 2540 2880 v.
2582 2840 2664 2880 446

280 2931 426 2975 eadem
459 2928 525 2971 via
559 2942 611 2969 ex
648 2929 875 2969 mulierum
914 2926 1039 2968 domo
1072 2925 1114 2967 in
1144 2938 1297 2966 oecum
1325 2935 1566 2979 progressas
1595 2933 1690 2962 esse
1721 2925 1849 2974 atque
1878 2915 2132 2970 Eurycleam
2170 2913 2226 2968 (v.
2258 2925 2386 2967 supra
2414 2910 2478 2960 11,
2518 2925 2559 2966 p.
2594 2912 2665 2964 193

282 3002 335 3046 de
361 3000 479 3046 aedd.
510 2999 554 3050 Ι,
582 3014 624 3054 p.
653 3002 728 3049 30,
758 3005 902 3042 annot.
928 2999 982 3040 39
1012 3013 1051 3040 v.
1085 2999 1135 3039 10
1162 3011 1252 3052 sqq.
1288 3010 1313 3037 a
1343 2992 1560 3049 superiore
1588 2991 1778 3046 margine
1807 2998 1849 3032 et
1878 2984 2266 3042 interpretationem
2294 2981 2378 3024 tab.
2408 2981 2579 3035 lithogr.
2610 2981 2663 3024 ad

281 3072 351 3128 fig.
380 3074 442 3123 B,
472 3073 529 3125 8‘)
559 3069 655 3112 inde
685 3067 891 3119 efficitur,
930 3066 1045 3123 quod
1083 3064 1324 3124 principalis
1364 3062 1530 3107 aedium
1569 3062 1796 3105 mulierum
1828 3058 1958 3114 janua
1986 3071 2023 3097 v.
2052 3058 2133 3097 484
2160 3054 2329 3097 demum
2358 3059 2544 3096 reserata
2572 3065 2665 3103 esse

281 3144 468 3195 videtur,
497 3141 549 3185 cf.
580 3141 704 3184 etiam
733 3154 859 3195 supra
886 3153 981 3193 pag.
1011 3140 1078 3187 68,
1107 3153 1147 3180 ν.
1178 3139 1245 3179 29.
1301 3135 1539 3179 Procorum
1578 3134 1781 3177 cadavera
1817 3128 1989 3172 ancillae
2017 3140 2091 3183 per
2119 3127 2290 3180 ianuam
2321 3123 2594 3181 principalem
2621 3122 2664 3165 in

282 3214 422 3259 aulam
459 3213 701 3257 extulerunt
738 3211 879 3267 ibique
921 3209 962 3251 in
991 3208 1160 3265 porticu
1188 3221 1322 3264 prope
1351 3214 1516 3263 portam
1544 3205 1668 3248 aulae
1696 3201 2011 3246 acclinaverunt
2040 3212 2079 3241 v.
2108 3199 2188 3239 449
2217 3193 2289 3239 ὑπ’
2309 3187 2505 3251 αἰθούσῃ
2532 3186 2666 3249 εὔερ-

282 3283 380 3336 κέος
414 3278 550 3343 αι’»λῆς
587 3291 631 3328 et
672 3287 747 3333 23,
776 3284 829 3324 49
858 3279 928 3324 ἐπ’
959 3272 1158 3333 αὐλείῃσι
1186 3271 1382 3335 θύρῃσιν
1408 3277 1682 3333 (quamquam
1710 3271 1906 3314 Eustath.
1938 3271 2018 3312 hoc
2046 3269 2239 3326 proximo
2269 3267 2362 3309 loco
2393 3267 2472 3309 alia
2499 3265 2667 3309 tradere

284 3356 490 3410 videtur),
520 3356 572 3399 cf.
600 3356 682 3407 IX,
710 3356 790 3398 472
820 3352 908 3410 πῦρ
938 3348 1012 3394 ὑπ’
1040 3342 1238 3407 αἰθούσῃ
1265 3343 1468 3405 εὐερκέος
1495 3341 1631 3401 αὐλῆς
1657 3344 1894 3400 oppositum
1924 3341 2033 3398 πυρὶ
2062 3337 2107 3383 ἐν
2134 3331 2346 3395 προδόμῳ
2377 3338 2449 3393 (de
2478 3336 2601 3380 aedd.
2631 3336 2666 3387 Ι,

2089 3410 2141 3448 10
