2955 3681
1441 154 1501 204 71

282 302 442 345 celatos
468 302 620 353 fuisse,
650 307 693 343 et
718 301 921 343 rationem
949 299 1189 357 percipere,
1217 314 1305 357 qna
1331 313 1408 357 per
1435 290 1696 356 douo-‘hiem‘
1721 298 1776 342 ad
1805 299 1945 342 aulam
1974 300 2186 357 perveniri
2215 301 2416 356 potuerit.
2471 300 2586 344 Illud
2613 315 2670 345 ex

282 373 383 431 ipsis
418 372 567 427 rebus,
606 384 718 428 qnae
754 370 954 429 deinceps
982 379 1231 424 narrantur,
1268 370 1458 429 inprimis
1485 385 1540 415 ex
1569 384 1775 427 responso
1804 369 2024 413 Melanthii
2054 386 2094 414 v.
2125 373 2204 415 138
2232 386 2365 435 sqq.,‘
2390 371 2462 415 ubi
2498 371 2553 415 de
2589 371 2673 416 hoc

282 444 581 503 impedimento
616 443 804 487 omnium
846 444 1031 488 maximo
1064 459 1117 488 ne
1155 459 1241 488 uno
1280 444 1451 501 quidem
1492 442 1622 486 verbo
1658 440 1820 486 mentio
1848 442 1919 493 fit,
1956 442 2077 486 facile
2104 444 2387 501 cognoscitur.
2444 443 2669 487 Rationem

285 524 426 560 autem
453 516 547 559 viae
575 515 627 558 ab
656 513 755 558 uno
771 529 1001 572 procorum
1032 530 1087 558 ex
1115 516 1269 572 Agelai
1300 516 1506 559 sententia
1534 515 1741 559 ineundae
1768 529 1824 557 ne
1851 514 2092 570 ignorares,
2129 515 2221 572 ipse
2249 524 2378 573 poeta
2406 515 2521 558 cavit
2547 529 2670 574 prae-

283 586 421 630 missis
460 586 650 629 versibus
683 588 909 629 126-131.
964 586 1014 628 In
1055 585 1209 643 quibus
1245 586 1281 629 si
1319 585 1525 643 quaedam
1555 586 1674 629 nobis
1703 585 1841 628 minus
1869 593 2069 628 accurate
2096 585 2307 644 descripta
2334 602 2429 630 esse
2458 586 2672 638 videntur,

283 659 483 701 nolumus
527 657 738 706 oblivisci,
795 664 964 711 poetam
1007 673 1110 701 suae
1148 656 1302 700 aetatis
1343 658 1585 699 hominibus
1626 657 1850 708 cecinisse,
1904 673 1987 698 non
2024 657 2203 714 posteris
2239 659 2564 701 architecturam
2602 659 2672 701 sui

282 728 485 788 temporis
504 728 794 787 explicavisse.
818 728 1024 784 Equidem
1043 728 1096 771 de
1116 728 1251 772 verbis
1271 727 1350 771 illis
1369 743 1496 786 supra
1515 729 1557 771 in
1587 729 1724 784 capite
1753 729 1805 771 de
1834 721 2082 786 ὀρσοθύρᾳ,
2112 728 2305 786 inprimis
2324 744 2364 787 p.
2386 733 2450 783 55,
2471 746 2511 772 v.
2531 733 2557 773 6
2577 745 2671 788 sqq.

285 808 329 845 et
347 816 388 858 p.
401 805 467 852 63,
485 816 526 843 v.
539 804 565 844 8
577 816 668 857 sqq.
682 799 820 843 fusius
839 800 1066 857 disputavi,
1087 815 1219 857 quare
1237 814 1351 842 nunc
1364 814 1452 843 rem
1468 801 1614 858 paucis
1633 800 1875 843 absolvam:
1897 792 2167 858 »Όρσοθύρη
2182 799 2227 856 (ἰ.
2247 813 2282 843 e.
2303 814 2454 857 magna
2471 810 2672 859 apertura

283 873 328 916 in
370 873 542 916 modum
579 872 788 915 fenestrae
825 887 850 914 a
878 872 970 914 solo
1008 871 1149 928 edita)
1188 881 1279 915 erat
1307 873 1350 915 in
1379 872 1537 929 pariete
1566 872 1675 915 bene
1702 880 1868 915 structo
1899 872 2165 927 (accuratius
2195 887 2206 913 τ
2245 871 2286 913 in
2325 864 2526 931 μεσόδμῃ
2561 873 2671 915 illius

283 946 456 1002 parietis
485 944 704 1001 principali
727 944 907 999 januae,
933 944 975 985 in
1007 960 1091 1000 qua
1124 943 1271 985 Ulixes
1299 944 1459 994 stabat,
1489 945 1672 1001 oppositi
1700 953 1743 984 et
1773 944 1944 1000 quidem
1973 944 2016 984 in
2045 959 2096 985 eo
2123 939 2351 999 μεσόδμης
2378 943 2531 995 latere,
2560 944 2674 1000 quod

282 1011 420 1069 μυχόν
454 1016 544 1058 oeci
585 1015 787 1070 tangebat
821 1024 866 1057 et
893 1014 1011 1057 alteri
1041 1014 1199 1070 januae
1227 1014 1299 1072 (τῇ
1326 1008 1583 1072 αὖθεντικῇ)
1612 1031 1690 1072 per
1715 1016 1847 1058 scalas
1876 1017 1918 1057 in
1947 1008 2021 1071 τήν
2047 1009 2219 1071 λαύραν
2247 1016 2418 1057 ducenti
2447 1017 2674 1071 responde-

284 1087 417 1144 bat)“.
473 1086 586 1129 Tum
614 1103 639 1129 a
668 1103 776 1129 novo
806 1086 899 1128 colo
929 1086 1063 1129 oratio
1092 1085 1239 1143 incipit
1268 1103 1278 1128 ε
1311 1086 1420 1129 „Sed
1450 1102 1583 1143 prope
1612 1096 1849 1130 extremum
1878 1086 2004 1128 limen
2035 1086 2145 1129 bene
2169 1086 2373 1129 fundatae
2402 1088 2554 1129 domus
2582 1093 2675 1129 erat

284 1158 366 1201 via
403 1158 456 1201 ad
493 1158 760 1216 angiportum
803 1157 849 1215 (i.
878 1172 916 1200 e.
957 1174 996 1200 v.
1024 1173 1154 1215 supra
1182 1157 1335 1215 pagina
1363 1161 1437 1212 61,
1477 1173 1516 1199 v.
1546 1164 1573 1200 4
1601 1173 1692 1216 sqq.
1721 1165 1945 1215 angustam
1976 1159 2087 1200 viam
2116 1157 2377 1209 subdialem,
2415 1156 2494 1215 ipsi
2522 1157 2673 1201 domus

283 1230 405 1274 lateri
435 1229 676 1286 adjunctam
705 1244 912 1287 muroque
939 1230 1189 1284 inclusam),
1227 1245 1377 1286 quam
1416 1230 1585 1273 tabulae
1613 1231 1723 1273 bene
1753 1223 1922 1286 aptatae
1950 1230 2196 1272 muniebant
2233 1232 2336 1282 (non
2379 1238 2519 1271 ntum
2557 1230 2672 1272 clau·

286 1302 482 1354 debant«,
502 1318 540 1344 v.
558 1317 688 1358 supra
705 1318 746 1359 p.
760 1305 825 1353 68,
843 1318 883 1344 v.
893 1306 947 1344 30
955 1304 1066 1358 sqq).
1082 1300 1197 1344 Han
1208 1316 1231 1344 c
1249 1301 1442 1355 (eandem
1459 1301 1588 1357 viam)
1605 1302 1750 1345 Ulixes
1759 1302 1887 1357 jussit
1901 1303 2085 1344 divinum
2102 1302 2329 1344 subulcum
2346 1315 2481 1358 prope
2497 1310 2675 1344 stantem

284 1375 521 1424 observare,
540 1388 627 1415 una
640 1381 780 1415 autem
799 1372 888 1414 sola
905 1372 967 1414 via
983 1373 1036 1414 ad
1051 1386 1143 1414 eam
1160 1367 1281 1427 (ὁδόν
1293 1370 1338 1421 ἐς
1353 1364 1535 1428 λαύρην)
1552 1372 1698 1415 accedi
1714 1379 1879 1428 poterat
1894 1373 1950 1427 (v.
1967 1387 2092 1428 supra
2108 1387 2149 1429 p.
2167 1375 2233 1425 61,
2250 1388 2287 1415 v.
2299 1376 2353 1414 20
2366 1372 2522 1428 sqq.)«.
2541 1371 2677 1414 Poeta

283 1446 435 1503 igitur,
463 1453 688 1501 postquam
718 1459 755 1485 v.
789 1447 866 1486 126
897 1443 1023 1496 dixit,
1054 1458 1078 1486 a
1107 1458 1191 1500 quo
1218 1443 1312 1486 loco
1341 1445 1404 1495 ei,
1433 1443 1506 1500 qui
1535 1458 1587 1486 ex
1617 1457 1720 1487 oeco
1749 1443 1941 1498 effugere
1971 1445 2122 1496 vellet,
2149 1443 2440 1500 incipiendum
2470 1452 2603 1494 esset,
2632 1444 2675 1486 in

284 1534 324 1559 v.
359 1519 433 1560 127
466 1531 557 1573 sqq.
586 1515 724 1567 addit,
768 1530 854 1572 quo
890 1516 984 1557 loco
1023 1529 1099 1571 per
1126 1516 1381 1558 exteriorem
1413 1516 1562 1558 domus
1592 1508 1864 1574 (προδόμου)
1895 1518 2100 1572 parietem
2129 1517 2171 1558 in
2201 1516 2340 1558 aulam
2370 1515 2674 1570 egrediendum

283 1595 408 1632 esset.
467 1588 609 1631 Media
648 1586 756 1630 inter
794 1594 1023 1644 utrumque
1060 1587 1201 1630 locum
1232 1593 1322 1631 erat
1350 1580 1496 1644 λαύρα
1523 1586 1616 1640 illa,
1653 1603 1778 1644 quam
1809 1595 1934 1644 poeta
1965 1604 2005 1630 v.
2041 1591 2117 1631 128
2147 1588 2294 1631 leviter
2322 1586 2543 1638 indicavit,
2587 1601 2674 1630 non

282 1670 483 1704 accurate
520 1659 749 1716 descripsit.
817 1659 929 1702 Cum
966 1659 1029 1701 his
1067 1660 1225 1715 optime
1256 1660 1506 1710 concinunt,
1544 1674 1654 1716 quae
1685 1660 1945 1703 Melanthius
1976 1676 2014 1701 v.
2048 1663 2126 1703 136
2155 1675 2245 1716 sqq.
2275 1658 2502 1714 respondet
2531 1675 2541 1700 ε
2574 1651 2675 1701 »οὕ

283 1746 381 1781 πως
410 1728 509 1781 ἔστ’,
527 1724 706 1785 Ἀγέλαε
736 1728 990 1790 διοτρεφές·
1018 1724 1120 1783 ἄγχι
1147 1728 1233 1785 γάρ
1262 1727 1396 1779 αἰνῶς
1420 1726 1579 1786 Λόλῆς
1606 1730 1720 1773 καλοὶ
1748 1725 1951 1788 θύρετρα
1980 1732 2052 1773 καὶ
2082 1726 2292 1788 ἀργαλέον
2320 1727 2461 1782 στόμα
2488 1723 2672 1787 λαύρης·

283 1821 320 1845 κ.
340 1819 377 1846 τ.
399 1803 464 1844 a...
513 1803 675 1845 Tamen
706 1802 814 1844 duae
845 1816 913 1844 res
944 1801 1240 1845 dubitationem
1272 1802 1429 1845 habere
1448 1811 1626 1858 possunt
1652 1803 1693 1858 1)
1714 1819 1823 1860 quae
1851 1804 1961 1846 fores
1990 1803 2074 1845 sint
2105 1796 2265 1859 »αὐλῆς
2291 1800 2405 1844 καλοῖ
2427 1798 2672 1858 θύρετραα.

284 1878 348 1920 At
376 1876 411 1919 si
436 1875 692 1925 memineris,
719 1874 998 1917 Melanthium
1028 1874 1184 1928 Agelai
1211 1875 1445 1917 sententiae
1475 1890 1524 1916 ea
1554 1890 1790 1931 opponere,
1820 1875 1936 1916 unde
1964 1874 2196 1930 periculum
2226 1874 2461 1925 immineat,
2492 1873 2673 1928 amplius

284 1965 370 1990 non
399 1946 629 1996 dubitabis,
668 1945 940 2001 principalem
962 1945 1137 2000 januam
1166 1945 1259 1987 oeci
1285 1945 1481 1995 indicari,
1512 1947 1583 1987 ubi
1608 1947 1756 1988 Ulixes
1785 1963 1881 1987 cum
1910 1947 2030 1987 sociis
2061 1947 2211 1987 stabat.
2267 1945 2414 1998 Quum
2445 1955 2591 1987 autem
2619 1945 2671 1995 ei,

283 2019 355 2075 qui
394 2034 470 2075 per
506 2026 728 2073 angustam
770 2013 868 2059 ὁδὸν
903 2016 950 2066 ἐς
983 2009 1147 2073 λαύρην
1173 2017 1214 2058 in
1243 2017 1384 2059 aulam
1414 2017 1601 2074 effugere
1631 2018 1782 2070 vellet,
1826 2018 2063 2075 periculum
2102 2017 2153 2059 ab
2193 2018 2480 2059 exteriore
2511 2017 2673 2072 januae

282 2090 394 2133 illius
424 2089 662 2147 principalis
691 2095 813 2144 parte
840 2089 1029 2139 instaret,
1059 2096 1184 2144 poeta
1212 2089 1280 2131 hic
1310 2090 1562 2131 exteriorem
1592 2090 1700 2131 hanc
1728 2089 1907 2131 fraxinei
1935 2089 2086 2131 liminis
2110 2089 2283 2145 januam
2313 2089 2482 2130 insolito
2503 2086 2673 2130 nomine

287 2155 489 2217 »αὐλῆς
517 2158 630 2203 καλᾶ
665 2153 897 2217 θύρετραα
938 2161 1190 2218 appellavit,
1224 2169 1273 2202 ut
1307 2160 1359 2202 ab
1396 2161 1661 2203 interioribus
1699 2161 1852 2217 lapidei
1894 2162 2044 2203 liminis
2085 2161 2246 2202 foribus
2283 2176 2376 2203 eam
2414 2160 2674 2201 discerneret

284 2232 360 2286 (cf.
391 2232 445 2275 de
473 2231 594 2275 aedd.
624 2230 665 2285 1,
694 2247 735 2288 p.
765 2233 817 2273 29
847 2238 945 2274 ante
975 2232 1084 2274 med.
1120 2239 1162 2275 et
1188 2231 1307 2275 initio
1337 2231 1465 2288 hujus
1494 2231 1641 2288 capitis
1670 2248 1711 2288 p.
1742 2233 1819 2287 65,
1849 2248 1889 2274 v.
1920 2234 1971 2274 37
2002 2231 2250 2274 scholiastae
2279 2230 2408 2273 verba
2435 2228 2489 2272 ad
2519 2245 2561 2283 α,
2591 2229 2673 2272 255

287 2297 543 2348 „aiil-scat
571 2294 715 2359 θύραι
728 2302 784 2355 “).
851 2302 989 2345 Etiam
1021 2304 1134 2360 quod
1176 2311 1303 2361 poeta
1340 2305 1383 2359 2)
1412 2303 1556 2360 adjicit
1598 2303 1706 2347 »καὶ
1734 2297 1945 2362 ἅργαλέον
1972 2299 2117 2357 στόμα
2145 2296 2346 2361 λαύρηςιι
2392 2301 2568 2344 dubium
2610 2308 2676 2344 est

286 2391 424 2434 neque
461 2383 578 2418 certo
617 2372 839 2432 dijudicari
879 2382 1041 2433 potest,
1085 2382 1228 2417 utrum
1268 2372 1414 2430 στόμα
1452 2372 1620 2434 λαύρης
1660 2377 1839 2418 alterum
1870 2392 2021 2420 nomen
2052 2376 2104 2419 sit
2133 2376 2323 2433 ejusdem
2353 2373 2467 2417 illius
2496 2368 2603 2416 ὁδοῦ
2630 2370 2677 2424 ἐς

283 2445 462 2506 λαύρην,
491 2454 697 2504 angustae
721 2447 832 2488 illius
855 2446 1010 2503 januae
1038 2461 1076 2487 v.
1111 2450 1201 2497 128,
1231 2447 1274 2489 id
1302 2448 1417 2504 quod
1446 2449 1624 2504 probare
1655 2449 1823 2491 videtur
1851 2450 2057 2505 Hesychii
2085 2449 2229 2505 glossa
2257 2463 2268 2491 ε
2308 2439 2472 2499 »στόμα
2499 2438 2673 2502 λαύρης.

281 2518 340 2562 vd
365 2520 443 2578 τῆς
469 2511 617 2577 θύρας
643 2512 833 2573 χάσμαα,
862 2533 916 2561 an
945 2518 1145 2560 transitus
1166 2518 1237 2561 ille
1266 2533 1320 2561 ex
1350 2512 1494 2576 λαύρᾳ
1520 2520 1561 2561 in
1591 2513 1827 2575 πρόδομον,
1858 2536 1985 2577 quem
2016 2522 2059 2562 in
2089 2520 2393 2564 deformatione
2423 2534 2463 2560 n.
2487 2519 2523 2561 ¹7
2554 2526 2671 2559 nota·

286 2593 423 2635 vimus
465 2601 509 2635 et
551 2592 603 2634 ab
639 2587 736 2647 ὁδῷ
777 2589 824 2640 ἐς
862 2581 1025 2647 λαύρην
1052 2589 1132 2645 (6)
1173 2589 1454 2632 distinximus.
1514 2590 1598 2634 Sed
1639 2599 1727 2633 tota
1762 2606 1831 2635 res
1874 2607 1927 2634 ex
1967 2593 2049 2635 hoc
2085 2608 2168 2635 uno
2199 2593 2365 2635 nomine
2394 2605 2478 2633 non
2507 2589 2673 2646 pendet.

285 2663 433 2716 Quare
460 2678 606 2706 vocem
638 2664 805 2705 dubiam
836 2663 1058 2704 mittamus.
1105 2661 1201 2703 Jam
1232 2661 1266 2703 si
1293 2676 1429 2704 meam
1458 2663 1661 2722 rationem
1691 2665 1744 2705 ad
1773 2664 1952 2705 formam
1982 2680 2007 2706 a
2034 2679 2102 2706 me
2124 2664 2379 2720 descriptam
2400 2662 2471 2716 (de
2490 2660 2611 2702 aedd.
2634 2658 2671 2709 1,

284 2735 367 2776 tab.
388 2734 423 2788 1,
448 2734 520 2789 fig.
541 2734 577 2775 B
605 2742 648 2776 et
675 2734 717 2776 in
747 2733 915 2776 tabulae
943 2732 1198 2789 lithograph.
1226 2732 1325 2774 huic
1352 2741 1575 2776 comment.
1605 2748 1797 2777 annexae
1825 2734 1897 2791 fig.
1918 2734 1973 2789 Β)
2004 2735 2281 2777 accomodare
2310 2733 2419 2782 volo,
2449 2731 2530 2780 via,
2559 2743 2671 2785 quae

286 2820 513 2864 procorum
551 2804 625 2847 uni
658 2819 712 2848 ex
750 2805 907 2861 Agelai
942 2803 1150 2849 sententia
1182 2803 1416 2847 emetienda
1451 2803 1553 2858 fuit,
1591 2805 1697 2848 haec
1726 2813 1793 2850 est
1821 2823 1832 2849 ε
1869 2806 1919 2849 In
1955 2805 2082 2860 μυχῷ
2118 2804 2208 2848 oeci
2245 2819 2319 2859 per
2360 2804 2476 2858 tigna
2516 2800 2674 2844 craticii

286 2878 456 2935 parietis
494 2877 548 2921 ad
582 2869 842 2933 ὀρσοθύραν
864 2876 1093 2921 ascendere
1120 2875 1325 2933 oportuit,
1365 2876 1488 2931 cujus
1516 2876 1657 2919 locum
1686 2878 1728 2920 in
1756 2877 1840 2920 tab.
1870 2878 2038 2932 lithogr.
2068 2877 2166 2918 huic
2195 2874 2333 2917 libello
2361 2873 2503 2916 addita
2531 2873 2574 2915 in
2601 2874 2675 2916 4‘1

285 2957 331 2994 et
351 2964 477 3008 supra
495 2965 537 3007 p.
552 2950 618 3001 62,
633 2951 707 2993 v.6
724 2965 816 3006 sqq.
836 2947 990 2993 rectius
1011 2946 1202 3000 indicavi,
1223 2963 1348 3005 quam
1369 2947 1410 2991 in
1431 2946 1569 3004 priore
1590 2948 1951 2993 commentationis
1975 2954 2092 3005 parte
2113 2945 2185 3003 (de
2202 2944 2323 2989 aedd.
2338 2943 2374 2996 I,
2394 2951 2535 2987 annot.
2557 2945 2610 2986 39
2631 2949 2674 2987 et

287 3021 385 3064 ibid.
416 3021 500 3065 tab.
530 3021 564 3072 1,
593 3021 665 3076 fig.
685 3021 723 3063 B
751 3021 792 3062 in
820 3020 961 3077 priore
985 3020 1059 3075 4).
1096 3019 1263 3064 Deinde
1290 3034 1367 3077 per
1394 3022 1430 3063 1⁴
1459 3019 1512 3061 ad
1542 3019 1678 3063 scalas
1706 3036 1838 3077 prope
1865 3022 1922 3063 4¹
1952 3019 2022 3075 (de
2046 3017 2167 3060 aedd.
2197 3016 2219 3059 Ι
2247 3017 2274 3059 l.
2300 3016 2328 3059 l.
2357 3018 2398 3060 4
2427 3013 2672 3073 posterius),

287 3100 380 3136 tum
410 3108 487 3151 per
516 3093 695 3137 alierum
724 3098 769 3136 et
795 3092 979 3148 primum
1008 3094 1061 3147 «ι’
1090 3091 1144 3134 ad
1173 3093 1226 3144 ¹7,
1254 3093 1293 3138 6
1319 3104 1449 3149 prope
1480 3090 1754 3148 principalem
1784 3091 1874 3134 oeci
1897 3090 2072 3145 januam
2103 3088 2184 3143 (2)
2214 3088 2257 3131 in
2286 3088 2426 3130 aulam
2456 3085 2673 3143 egredien-

288 3165 391 3206 dum
431 3165 527 3207 fuit.
584 3165 716 3206 Plane
756 3164 903 3205 eadem
940 3164 1008 3204 via
1045 3170 1188 3206 autem
1224 3162 1575 3221 progrediendum
1614 3163 1696 3205 fuit
1723 3162 1918 3210 Phemio,
1961 3161 1995 3201 si
2031 3175 2073 3201 v.
2102 3163 2204 3210 333,
2240 3174 2295 3202 ne
2332 3160 2374 3201 in
2402 3155 2672 3200 occurrentis

288 3235 407 3278 Ulixi
444 3252 592 3280 manus
629 3235 851 3286 incideret,
890 3249 967 3291 per
1003 3228 1265 3293 ὀρσοθύραν
1301 3236 1355 3278 ad
1388 3235 1511 3277 aulae
1545 3249 1661 3277 aram
1698 3233 1886 3289 effugere
1915 3230 2131 3275 voluisset.
2166 3256 2212 3262 —
2245 3231 2331 3274 Sed
2364 3230 2418 3273 ad
2447 3243 2674 3285 procorum

290 3307 465 3351 consilia
501 3308 738 3353 redeamus,
793 3306 1076 3358 Melanthius,
1119 3322 1251 3364 quum
1286 3308 1354 3351 via
1381 3306 1432 3349 ab
1460 3305 1630 3363 Agelao
1660 3304 1875 3364 proposita
1903 3303 2036 3360 effugi
2064 3318 2146 3345 non
2175 3317 2297 3358 posse
2327 3302 2675 3351 demonstrasset,

290 3379 501 3435 pollicitus
530 3388 607 3430 est,
638 3396 683 3423 se
711 3378 850 3438 procis
879 3395 933 3422 ex
964 3379 1149 3422 thalamo
1178 3395 1295 3422 arma
1322 3379 1549 3422 allaturum
1575 3392 1679 3428 esse,
1709 3384 1759 3418 ut
1785 3391 1882 3418 cum
1904 3375 2030 3417 Ulixe
2059 3374 2219 3431 proelio
2249 3373 2506 3415 dimicarent.
2574 3371 2677 3424 Qua

2050 3444 2098 3483 10
2117 3441 2141 3467 *
