2955 3681
1450 76 1514 126 36

286 230 337 284 (i.
376 243 413 269 e.
445 227 670 285 πέτευρον,
700 242 785 269 non
814 226 1052 282 πέταυρον)
1082 239 1180 266 cum
1208 218 1431 279 μεσόδμης
1456 222 1585 279 ipsius
1614 225 1895 282 explicatione
1926 227 1983 278 A,
2019 227 2073 279 1.)
2100 221 2149 268 τὸ
2174 224 2286 280 μέγα
2316 218 2448 280 ξύλον
2475 222 2569 268 α’πὸ
2595 224 2678 269 τοῦ

289 299 443 355 ἑτέρου
467 299 617 352 τοίχου
644 298 759 354 πρὸς
784 293 856 339 τόν
881 295 1031 354 ἕτερον
1059 296 1213 350 διῆκον
1240 311 1275 336 κ.
1305 309 1341 337 τ.
1370 294 1407 335 λ.
2175 288 2177 290 ’

426 373 672 424 Antequam
714 368 940 423 suscipiam
974 361 1200 423 μεσόδμης
1235 367 1468 414 rationem,
1507 364 1674 420 qualem
1712 378 1736 404 e
1780 365 2033 423 scriptorum
2063 368 2168 408 locis
2196 376 2240 409 et
2267 367 2418 425 glossis
2445 378 2572 423 supra
2600 377 2675 407 ex·

288 441 455 495 scriptis
504 455 656 481 eruere
713 438 860 487 liceat,
915 439 1154 480 accuratius
1207 437 1345 477 verbis
1383 436 1582 483 definire,
1628 436 1861 476 cavendum
1905 445 1994 486 est,
2034 451 2089 477 ne
2116 440 2210 492 quis
2240 440 2397 479 alienas
2426 451 2548 478 voces
2577 450 2676 493 cum

290 527 369 567 psa
388 499 595 565 μεσόδμῃ
614 524 682 551 me
701 524 975 566 comparasse
995 517 1038 551 et
1058 524 1126 550 res
1153 507 1263 549 inter
1290 522 1336 549 se
1366 504 1552 548 diversas
1582 514 1784 562 tanquam
1814 506 1968 549 similes
1997 508 2216 549 miscuisse
2247 509 2369 550 dicat.
2429 508 2527 561 Qua
2556 509 2598 550 in
2626 520 2673 550 re

286 598 339 626 ne
379 581 546 636 longior
586 581 690 631 sim,
733 581 881 624 omitto
922 595 1046 622 voces
1084 572 1311 635 άντὴριδος
1348 585 1390 619 et
1418 568 1669 635 κατήλιφος,
1700 592 1831 634 quum
1860 579 2029 634 utrique
2058 579 2151 621 voci
2179 581 2231 621 ab
2261 581 2360 636 ipsis
2388 580 2674 635 grammaticis

286 656 343 708 (v.
392 653 513 696 Eust.
544 653 594 695 B.
625 651 680 695 ad
715 655 769 705 1.)
798 660 841 695 et
868 655 941 704 2.),
969 650 1073 693 Hes.
1104 657 1147 693 et
1175 648 1395 692 Pollucem
1427 649 1526 691 coll.-
1552 649 1698 691 scholl.
1726 648 1767 690 in
1799 648 1927 691 Arist.
1958 649 2065 691 Ran.
2095 663 2225 706 supra
2251 650 2293 693 in
2321 651 2381 693 lit.
2412 650 2448 693 C
2479 651 2584 705 init.)
2613 651 2673 693 in-

284 725 532 782 terpretatio
559 717 786 781 μεσόδμης
816 723 957 766 addita
986 724 1051 765 sit.
1117 721 1268 779 Neque
1295 721 1365 763 hic
1394 730 1581 780 repetam
1613 735 1784 763 necesse
1815 729 1891 772 est,
1920 719 2135 777 πέτευρον
2162 723 2338 766 eandem
2369 723 2480 765 illam
2511 723 2674 766 trabem

284 807 326 840 et
364 797 724 855 contignationem
768 794 1007 852 significare
1035 809 1182 852 posse,
1231 810 1337 850 quas
1365 808 1492 849 supra
1518 787 1760 849 κατήλιφος
1786 793 1954 835 nomine
1985 793 2214 849 appellatas
2244 795 2436 844 vidimus,
2466 809 2598 849 quum
2622 794 2677 837 ad

283 870 418 926 ipsam
447 869 612 912 literam
640 868 678 910 E
707 866 835 924 hujus
865 868 925 909 rei
954 875 1207 922 argumenta
1236 865 1492 922 protulerim.
1549 864 1691 907 Aliter
1720 865 1772 907 de
1803 865 2011 907 vocabulo
2038 857 2269 922 μελάθρου
2281 866 2558 922 judicandum
2581 880 2674 908 esse

283 939 473 998 putabis,
515 956 647 997 quum
688 949 731 983 et
772 937 1144 996 interpretationes
1183 938 1391 995 quaedam
1429 937 1803 992 grammaticorum
1845 946 1885 980 et
1924 947 2008 980 tres
2049 937 2373 993 significationes
2403 939 2529 996 hujus
2560 937 2675 980 vocis

282 1012 480 1070 propriae
511 1029 536 1054 a
564 1014 717 1055 ceteris
761 1021 962 1068 quattuor
1002 1010 1213 1052 vocabulis
1243 1011 1472 1052 abliorrere
1504 1010 1739 1051 videantur.
1797 1011 1863 1051 Ex
1893 1010 2303 1065 interpretationibus
2332 1011 2463 1053 affero
2490 1011 2673 1067 glossam

280 1081 306 1140 r)
336 1078 535 1133 dta'rcovog
572 1085 613 1126 D
650 1083 702 1126 ad
746 1083 799 1137 1.)
841 1090 947 1124 extr.
969 1113 981 1132 ,
1022 1078 1071 1122 τὸ
1098 1078 1332 1136 ὑπέρτονον
1369 1080 1465 1121 ibid.
1497 1081 1549 1121 ad
1582 1083 1638 1134 1.)
1667 1080 1775 1129 init.;
1807 1094 1858 1123 ex
1898 1080 2268 1136 significationibus
2298 1081 2353 1132 D,
2383 1080 2439 1138 5.)
2468 1079 2676 1137 μέλαθρα

283 1150 525 1212 ὑπέρθυρα
545 1187 556 1205 ,
596 1155 648 1206 D,
677 1159 702 1198 6
729 1151 960 1209 μέλαθρον
984 1154 1246 1209 μαγειρεῒον,
1277 1151 1329 1202 D,
1360 1155 1381 1192 7
1412 1150 1623 1206 μέλαθρα
1651 1148 1799 1194 οἰκίαι.
1854 1153 1925 1195 Ad
1956 1153 2033 1195 hoc
2062 1152 2363 1203 animadverte,
2394 1152 2509 1209 quod
2538 1153 2579 1194 in
2600 1167 2674 1195 ex·

284 1227 480 1284 plicanda
508 1226 644 1284 prima
672 1226 838 1278 (trabis)
868 1224 1174 1282 significatione
1204 1224 1340 1266 tribus
1370 1222 1469 1266 locis
1497 1215 1734 1279 μελάθρου
1762 1223 1984 1280 descriptio
2013 1241 2037 1267 a
2064 1225 2214 1267 ceteris
2244 1224 2415 1266 vocibus
2445 1225 2571 1281 paulo
2599 1224 2674 1265 de-

281 1296 395 1339 flecti
429 1298 593 1340 videtur
621 1296 762 1338 verbis
789 1290 842 1338 τό
868 1296 1003 1349 μέσον
1028 1296 1104 1349 τῆς
1133 1294 1280 1351 στέγης
1307 1290 1452 1347 ξύλον,
1484 1311 1523 1335 v.
1554 1294 1644 1336 cod.
1674 1295 1713 1337 T
1740 1295 1783 1338 in
1814 1295 1853 1336 D
1883 1296 1935 1338 ad
1961 1296 2025 1351 l.)‚
2055 1296 2196 1350 Etym.
2227 1296 2286 1338 M.
2314 1312 2354 1352 p.
2385 1295 2478 1349 576,
2505 1300 2553 1338 16
2574 1295 2674 1338 ibid.

281 1377 324 1413 et
368 1369 634 1411 Eustathium
682 1385 723 1426 p.
770 1371 875 1419 249,
915 1371 962 1411 19
990 1368 1033 1410 in
1064 1368 1106 1410 D
1137 1367 1189 1410 ad
1219 1367 1293 1422 2.).
1328 1392 1372 1397 -
1407 1365 1503 1415 Sed,
1535 1374 1582 1408 ut
1612 1375 1697 1409 tres
1724 1367 2046 1421 significationes
2074 1359 2307 1424 μελάθρου
2335 1369 2539 1425 proprias,
2571 1382 2675 1423 quas

282 1439 388 1482 infra
430 1440 596 1482 demum
639 1440 886 1495 primigenia
917 1441 1029 1482 vocis
1073 1440 1111 1480 vi
1142 1438 1321 1480 stabilita
1351 1438 1564 1493 explicare
1595 1438 1739 1487 liceat,
1784 1454 1893 1480 nune
1923 1439 2162 1488 mittamus,
2203 1438 2476 1481 difficultates
2508 1446 2675 1481 ceterae

281 1511 402 1552 facile
447 1511 666 1552 tolluntur.
744 1510 895 1562 Quivis
924 1510 1034 1552 enim
1067 1510 1196 1559 videt,
1226 1510 1386 1551 trabem
1416 1509 1528 1550 illam
1557 1517 1853 1558 transversam,
1885 1524 1994 1564 quae
2024 1511 2284 1564 superiorem
2315 1509 2674 1563 contignationem

280 1581 491 1637 quandam
522 1582 742 1631 sustineat,
771 1579 846 1637 τὴν
877 1574 1098 1634 ὖπότονον,
1129 1581 1252 1623 etiam
1284 1579 1491 1623 nominari
1520 1594 1645 1634 posse
1674 1577 1921 1636 ὑπέρτονον,
1951 1595 2080 1636 quum
2109 1581 2251 1622 fulciat
2279 1574 2331 1622 τό
2362 1576 2473 1635 ὑπὲρ
2501 1575 2577 1636 τήν
2605 1594 2675 1621 κε-

279 1645 422 1708 φαλήν
449 1652 476 1693 i.
507 1666 543 1694 e.
574 1646 752 1707 ὄροφον.
783 1652 943 1707 στέγην,
973 1644 1141 1708 ὀροφήν
1160 1651 1324 1694 Polluc.
1355 1651 1389 1700 1,
1419 1654 1467 1693 81
1503 1652 1562 1701 (ν.
1590 1665 1716 1707 supra
1745 1650 1789 1692 ΙΙ
1818 1667 1858 1708 p.
1894 1654 1975 1700 10).
2035 1651 2193 1693 Eadem
2225 1661 2362 1693 antem
2392 1661 2506 1694 recte
2529 1651 2674 1707 appel-

280 1728 392 1769 latur
425 1716 691 1775 »διάτονοςα,
722 1725 881 1780 quippe
912 1739 1021 1779 quae
1052 1726 1256 1779 pertineat
1286 1716 1378 1764 οἷπό
1406 1721 1485 1764 τοῦ
1512 1720 1660 1778 ἑτέρου
1687 1719 1835 1774 τοίχου
1863 1720 1982 1777 πρὸς
2009 1721 2081 1763 τὸν
2108 1720 2252 1779 ἕτερον
2271 1739 2308 1766 ν.
2339 1727 2393 1773 Α,
2419 1723 2486 1777 1.).
2544 1722 2672 1764 Prae-

281 1805 424 1850 terea,
468 1795 568 1852 quin
604 1796 741 1851 ipsum
769 1793 1000 1851 μέλαθρον
1028 1808 1162 1851 aeque
1191 1802 1318 1852 atque
1346 1793 1555 1852 κατῆλιψ,
1583 1810 1620 1835 ν.
1651 1795 1687 1837 C
1718 1794 1768 1836 ad
1803 1793 1857 1849 1.)
1889 1794 2178 1852 compluribus
2209 1795 2309 1837 locis
2339 1796 2484 1838 eadem
2520 1791 2674 1839 ὐποτὸ-

283 1881 357 1910 νου
386 1882 489 1910 voce
530 1867 790 1924 explicetur,
833 1866 1011 1910 dubitari
1049 1882 1133 1909 non
1174 1874 1329 1921 potest,
1373 1883 1410 1909 v.
1452 1867 1492 1908 D
1524 1865 1578 1907 ad
1622 1867 1673 1920 l.)
1700 1866 1803 1917 init„
1833 1868 1888 1907 ita
1918 1876 1963 1907 ut
1993 1862 2017 1922 ἡ
2047 1861 2177 1916 δοκός
2204 1868 2298 1910 ibid.
2329 1869 2440 1923 apud
2470 1869 2674 1918 Eustath„

285 1939 415 1982 schol.
460 1939 503 1980 in
539 1938 685 1993 Apoll.
718 1937 870 1988 Rhod„
900 1938 1034 1980 schol.
1066 1937 1241 1993 Vulgat.
1273 1937 1418 1980 eadem
1450 1936 1644 1979 habenda
1674 1938 1739 1987 sit,
1772 1953 1897 1994 quam
1929 1939 2056 1980 schol.
2088 1939 2129 1980 in
2160 1939 2340 1981 Theocr.
2379 1954 2415 1979 v.
2449 1940 2485 1981 E
2515 1940 2673 1993 simpli-

284 2010 388 2052 citer
427 2010 646 2064 usurpavit
676 2009 728 2052 ad
771 2004 988 2066 πετεύρου
1023 2024 1176 2050 nomen
1216 2007 1581 2065 interpretandum
1614 2023 1823 2065 quamque
1852 2008 1919 2049 alii
1950 2000 2166 2059 ὑπότονον,
2200 2004 2443 2064 ὑπέρτονον,
2474 2003 2674 2052 διάτονον

282 2081 495 2136 appellant
515 2114 525 2130 ,
557 2080 746 2123 Galenus
776 2096 889 2132 vero,
918 2096 955 2121 ν.
978 2081 1033 2129 A,
1066 2082 1117 2133 1.)
1144 2079 1444 2136 interpretatus
1475 2088 1537 2120 est
1569 2073 1644 2120 nvo
1679 2079 1789 2133 μέγα
1819 2078 1947 2132 ξύλον
1975 2075 2069 2121 α’πό
2097 2081 2176 2121 τοῦ
2203 2079 2355 2135 ἑτέρου
2381 2078 2529 2133 τοίχου
2558 2077 2673 2134 πρός

278 2148 351 2196 τόν
378 2151 522 2208 ἕτερον
549 2152 734 2206 διῆκονα.
779 2151 907 2204 Quod
940 2152 991 2194 ad
1012 2152 1139 2193 verba
1163 2147 1213 2192 τό
1229 2151 1366 2204 μέσον
1393 2152 1470 2206 τῆς
1489 2149 1636 2208 στέγης
1656 2145 1785 2204 ξύλον
1802 2152 1965 2203 attinet,
1986 2152 2181 2194 dubitare
2210 2152 2388 2195 fortasse
2405 2152 2498 2209 quis
2528 2153 2671 2208 possit,

283 2233 427 2266 utrum
444 2224 765 2280 interpretanda
786 2223 867 2265 sint
891 2223 1052 2264 ”media
1073 2238 1170 2279 pars
1192 2224 1321 2264 trabis
1343 2224 1453 2264 illius
1470 2216 1709 2271 διατόνουα,
1729 2239 1779 2264 an
1801 2225 1964 2265 »media
1979 2224 2187 2265 lacunaris
2202 2238 2306 2265 oeco
2319 2222 2500 2280 impositi
2517 2224 2670 2265 trabs«.

283 2295 366 2339 Sed
392 2305 590 2339 neutrum
619 2294 709 2337 fieri
742 2302 894 2349 potest.
934 2294 1013 2336 Illa
1032 2295 1331 2349 interpretatio,
1362 2297 1552 2350 quamvis
1573 2302 1670 2350 apta
1700 2295 1750 2335 ad
1780 2295 1938 2336 varium
1967 2287 2199 2349 μελάθρου
2218 2310 2340 2336 usum
2362 2294 2671 2351 explicandum,

279 2367 583 2422 grammaticae
602 2364 840 2423 praeceptis
862 2365 1073 2407 contraria
1088 2374 1163 2412 est.
1209 2364 1310 2407 Fuit
1330 2368 1438 2407 enim
1456 2365 1681 2407 dicendum
1697 2366 1824 2416 μέσον
1837 2364 1975 2420 τὸτῆς
1991 2366 2138 2420 στέγης
2153 2358 2291 2417 ξύλον,
2312 2391 2365 2396 -
2383 2368 2486 2407 haec
2507 2382 2529 2407 e
2548 2367 2671 2407 variis

281 2438 491 2481 lacunaris
511 2436 695 2479 trabibus
722 2436 972 2479 transversis
1002 2435 1077 2477 toti
1107 2451 1211 2478 oeco
1239 2436 1438 2492 impositis
1465 2437 1643 2479 mediam
1668 2432 1899 2493 μελάθρου
1930 2429 2132 2480 διατόνου
2151 2438 2316 2480 nomine
2337 2437 2580 2495 appellaret,
2602 2440 2669 2488 ita,

280 2518 351 2561 ut,
396 2509 510 2566 quod
549 2524 658 2551 nunc
691 2508 818 2564 vulgo
849 2508 993 2551 dicunt
1026 2507 1220 2550 „Dolmea
1253 2509 1362 2551 idem
1391 2509 1669 2563 significaret,
1700 2534 1754 2540 —-
1784 2518 1972 2551 veterum
2003 2510 2308 2552 Germanorum
2339 2511 2562 2564 upardono
2592 2510 2668 2563 (gl.

281 2581 479 2624 Schmell.
531 2584 566 2630 1,
605 2582 681 2622 145
720 2580 963 2635 iiberdono),
1014 2595 1252 2637 quanquam
1296 2580 1375 2623 alia
1411 2581 1450 2622 in
1502 2595 1546 2623 re
1595 2580 1849 2632 adhibitum,
1883 2582 1991 2624 idem
2040 2590 2230 2630 sonaret,
2262 2582 2377 2637 quod
2408 2580 2669 2623 Graecorum

280 2650 392 2708 ὑπέρ
417 2667 494 2693 »τα
513 2665 618 2700 ονος.
675 2650 758 2694 Sed
787 2654 900 2694 toti
931 2666 1032 2693 oeco
1062 2652 1262 2701 virorum,
1292 2652 1333 2692 in
1365 2667 1449 2708 quo
1482 2652 1571 2693 solo
1599 2650 1830 2708 μέλαθρον
1857 2653 2025 2709 proprie
2056 2653 2213 2694 dictum
2245 2652 2372 2695 fuisse
2402 2662 2552 2709 potest,
2584 2654 2616 2695 si
2646 2667 2669 2695 e

280 2723 577 2776 μελαίνεσθαι
622 2736 778 2763 nomen
809 2723 942 2778 cepit,
974 2724 1026 2763 ob
1055 2723 1140 2763 foci
1169 2723 1309 2762 locum
1342 2736 1468 2778 supra
1497 2723 1558 2772 (II
1587 2738 1625 2778 p.
1662 2726 1723 2765 19.
1756 2727 1808 2765 20
1836 2732 1876 2767 et
1905 2739 1945 2780 p.
1976 2727 2029 2767 26
2059 2734 2153 2781 post
2180 2724 2308 2778 med.)
2339 2725 2669 2767 demonstratum

280 2820 331 2826 —
363 2795 415 2836 cf.
460 2797 583 2836 etiam
620 2785 886 2849 μεγάροιο
922 2793 1146 2849 μέλαθρον
1184 2798 1259 2842 22,
1302 2797 1382 2836 239
1412 2820 1465 2825 -—
1495 2794 1666 2850 antiquo
1705 2804 1895 2850 tempore
1926 2796 2104 2837 alterum
2136 2795 2307 2837 lacunar
2335 2805 2501 2851 praeter
2532 2798 2667 2851 ipsum

278 2874 439 2906 tectum
470 2866 710 2918 impositum
742 2879 826 2905 non
858 2864 948 2904 fuit.
1005 2864 1132 2915 Quod
1161 2873 1207 2904 ut
1238 2866 1419 2918 probare
1450 2866 1546 2906 nolo
1578 2865 1717 2906 verbis
1748 2865 1999 2907 Overbeckii
2029 2865 2228 2920 Pomquz‘
2252 2881 2291 2920 p.
2328 2869 2405 2906 184
2434 2866 2541 2906 med.
2573 2866 2667 2905 coll.

281 2934 456 2977 Becker.
501 2933 682 2976 Charikl.
719 2934 785 2975 ed.
823 2935 957 2991 princ.
987 2934 1007 2975 I
1050 2950 1091 2990 p.
1137 2938 1211 2977 195
1253 2943 1293 2976 et
1324 2935 1455 2977 Ottfr.
1487 2935 1681 2977 Mueller.
1711 2935 1879 2978 Handb.
1911 2936 1985 2978 der
2011 2936 2140 2977 Arch.
2173 2935 2214 2977 d.
2245 2937 2300 2978 K.
2343 2936 2406 2978 ed.
2439 2940 2509 2976 2³·
2547 2953 2586 2993 p.
2617 2939 2669 2977 29

280 3006 387 3061 §47‚
417 3010 455 3060 2,
488 3007 609 3048 ”Das
641 3005 848 3048 Oberlzaus
876 3007 948 3048 der
966 3006 1132 3048 Frauen
1161 3007 1310 3049 rez'chte
1337 3008 1447 3050 ‘nicht
1470 3007 1575 3050 nach
1594 3008 1675 3049 Art
1700 3023 1870 3050 unserer
1887 3007 2138 3050 Stockwerke
2164 3009 2265 3050 iiber
2294 3008 2372 3050 den
2388 3024 2547 3066 yanzen
2586 3008 2667 3051 Un-

280 3079 474 3121 terstock“
511 3105 553 3110 -
586 3079 643 3121 ibi
683 3080 795 3121 enim
839 3080 890 3121 de
928 3080 1137 3122 universis
1167 3078 1352 3129 aedibus,
1383 3096 1466 3121 non
1498 3080 1548 3122 de
1580 3079 1669 3121 solo
1701 3095 1802 3121 oeco
1832 3081 2015 3121 virorum
2047 3080 2298 3137 disputatur,
2327 3104 2381 3110 —-
2409 3082 2467 3122 ita
2495 3080 2667 3122 refutari

281 3166 364 3192 non
410 3158 514 3206 puto
553 3150 834 3207 Philopatoris
875 3150 991 3192 navis
1017 3150 1244 3204 thalamegi
1273 3151 1482 3207 exemplo,
1511 3151 1631 3205 cujus
1658 3149 1850 3206 μεγίστῳ
1879 3149 1987 3205 οἴκῳ
2008 3151 2280 3205 (συμποσίῳ)
2302 3175 2354 3181 -—
2377 3152 2534 3193 Athen.
2566 3152 2667 3193 Dei-

281 3236 403 3278 pnos.
426 3222 494 3262 lib.
528 3221 581 3271 V,
612 3237 651 3277 p.
681 3223 778 3272 205,
810 3235 832 3261 c
863 3246 915 3251 —-
945 3220 1067 3276 στέγη
1092 3219 1363 3276 τετράγωνος
1389 3220 1677 3277 κυπαρισσίνη
1707 3223 1898 3279 imposita
1926 3230 2017 3264 erat
2047 3222 2119 3265 καὶ
2149 3217 2256 3264 ἄλλο
2286 3218 2523 3273 συμπόσιον
2551 3223 2665 3274 (ibid.

282 3306 305 3334 e
335 3292 463 3348 extr.)
502 3285 548 3347 ἦν
585 3292 660 3334 ἐπὶ
688 3294 742 3349 τῇ
769 3293 849 3334 τοῦ
876 3291 1079 3345 μεγίστου
1115 3292 1240 3334 οἴκου
1278 3292 1403 3349 στέγῃ
1432 3293 1639 3344 κείμενον.
1696 3294 1802 3335 Nam
1833 3294 1887 3335 ibi
1917 3295 2158 3350 posterioris
2188 3295 2388 3348 temporis
2419 3295 2543 3335 aedes
2573 3308 2668 3336 eae-
