2955 3681
250 227 372 272 hm*
387 224 443 268 de
468 213 615 279 latim
648 215 902 264 senteutiam
927 224 1079 276 poetae
1106 216 1510 262 verbis-coufirmari
1532 217 1625 276 jam
1651 230 1783 277 supra
1807 219 1964 277 pagina
1988 220 2043 263 ⁶5
2072 219 2639 276 meditamine-vimnau

251 291 474 349 her-ubi
502 291 556 335 de
583 290 690 334 libro
718 290 813 334 22¹⁰
842 289 1161 349 disputabimus,
1187 289 1343 333 iterum
1366 289 1599 346 «ppnrebie.
1646 290 1870 334 Tenemus
1896 290 2038 348 igitur,
2065 291 2182 348 quod
2209 291 2265 336 de
2291 292 2415 336 aedd-
2441 292 2477 348 1,
2504 306 2549 351 p.
2566 295 2636 346 30,

250 382 351 413 nnn.
378 367 434 408 39
469 376 495 406 e
527 362 677 406 scholii
704 362 843 405 verbis
868 356 1120 412 στενωπὸς,
1161 359 1207 405 ἐν
1222 352 1271 418 ᾧ
1295 360 1384 404 καὶ
1396 359 1423 404 ὀ
1446 354 1658 414 θάλαμος
1679 361 1953 418 collegimus,
1995 357 2167 417 λαύραν
2190 363 2415 420 Odysseae
2441 363 2525 408 1.1.
2554 378 2639 408 nou

253 452 363 482 vum
390 433 602 495 publicam
631 432 784 486 fuisse,
820 433 894 476 sed
936 433 1068 476 viam
1106 432 1427 483 subdialem,
1466 431 1575 490 ipsi
1608 431 1797 476 domus
1830 431 1997 476 lateri
2034 434 2339 489 adjunctam
2375 448 2639 491 muroque

251 508 523 553 inclusam.
570 505 707 562 quue
742 504 1041 548 confirmamus
1069 487 1153 547 ubn
1179 503 1307 547 modo
1335 504 1553 560 Apollonii
1580 503 1796 562 sophistae
1823 505 1885 548 rei
1913 512 2107 547 narratae
2135 505 2444 563 explanatione,
2471 522 2514 565 p.
2546 510 2638 559 122,

253 595 293 622 v.
323 580 373 620 15
400 576 466 621 ed.
486 576 619 619 Bekk.
652 575 761 618 »καὶ
788 572 814 618 ὁ
843 570 1109 626 Μελάνθιος
1134 569 1213 618 διὰ
1235 575 1311 631 τῆς
1337 567 1592 633 ὀρσοθύρης
1618 569 1763 632 α’νέβη,
1793 571 1820 618 o‘
1847 574 1900 619 δὲ
1919 569 2122 628 Εὔμαιος
2149 576 2223 619 καὶ
2243 575 2473 628 Φιλοίτιος
2499 593 2636 621 κατα

249 647 343 707 τὴν
376 644 436 701 εξ
444 663 480 690 ω
508 644 845 706 περίοδον,
874 647 947 690 sed
976 646 1163 705 inprimis
1190 646 1400 704 Hesychii
1427 646 1570 703 glossa
1597 639 1856 704 »Λαυστῆρ.
1883 639 2130 704 μοχθηρός.
2160 640 2314 700 ὅμοιον
2339 647 2391 691 δὲ
2412 649 2480 708 τῇ
2495 644 2639 693 δυνό-

249 735 325 776 μει
357 716 409 762 τὸ
435 713 586 772 ὄνομα.
621 713 647 775 ἢ
701 737 723 761 n
739 732 764 761 ο
782 716 805 761 1
822 735 847 760 κ
866 732 892 761 ο
911 733 939 760 υ
992 717 1019 759 λ
1036 734 1067 760 α
1084 712 1111 760 ύ
1132 733 1159 775 ρ
1179 733 1269 769 αα,
1317 717 1442 774 cujus
1474 717 1591 776 prior
1626 734 1724 776 pars
1752 719 1867 776 quod
1895 734 2050 762 nomen
2079 719 2139 762 rei
2166 718 2319 762 foedae
2346 719 2400 763 ad
2426 720 2636 765 hominem

250 790 540 837 foedissimum
578 789 825 835 translatum
864 803 958 835 esse
995 788 1143 842 docet,
1179 804 1265 833 non
1302 788 1427 834 valde
1464 789 1605 835 miror.
1659 789 1746 835 Res
1783 788 1909 835 foeda
1944 796 2085 834 autem
2124 796 2167 834 et
2177 783 2395 865 λαυστήρ
2422 798 2466 836 et
2492 785 2636 852 λαύρα

252 861 386 908 videri
410 862 574 944 potuit,
613 876 746 920 quum
775 860 921 906 areval
950 857 1112 921 ρι’μαι,
1152 868 1196 906 et
1221 860 1415 921 publicae
1442 867 1489 906 et
1507 861 1716 920 privatae,
1741 862 1831 906 sine
1855 861 1984 907 dubio
2014 849 2190 921 antiquo
2214 871 2407 951 tempo‘re
2434 872 2483 909 ut
2510 864 2635 910 bodie

252 934 492 993 saepissime
526 934 687 978 fuerint
716 934 910 977 sordidae
939 933 991 977 cf.
1022 934 1136 978 Suid.
1165 931 1233 977 ed.
1261 933 1497 976 Bernhard.
1526 933 1594 986 11,
1627 937 1643 976 1
1676 949 1720 992 p.
1748 936 1842 991 510,
1870 938 1935 978 3:
1973 930 2120 992 λαύρα
2144 930 2173 992 ἦ
2199 933 2325 993 στενή
2350 928 2489 995 ῥύμη,
2525 932 2638 981 ἔνθα

250 1020 379 1050 πασα
415 1000 687 1065 α’καθαρσία.
730 999 755 1062 ἢ
790 1003 816 1048 ὁ
850 1001 1049 1063 ῥυπαρὸς
1084 1001 1221 1056 τόπος
1257 1005 1310 1048 cf.
1349 1005 1481 1048 schol.
1521 1006 1565 1048 in
1607 1006 1738 1049 Arist.
1777 1005 1879 1048 Pac.
1916 1021 1954 1048 v,
1984 1004 2059 1058 98,
2098 1013 2143 1048 et
2174 1002 2345 1065 λαύρας
2370 1026 2426 1044 =
2458 1000 2638 1066 α’μᾰρας

250 1078 435 1121 Moerid.
466 1080 557 1120 Att.
585 1093 626 1136 p.
656 1081 751 1129 202,
779 1080 846 1130 35,
876 1077 943 1120 ed.
971 1078 1122 1130 Bekk„
1150 1077 1271 1119 Euat.
1300 1092 1340 1134 p.
1376 1080 1494 1128 1921,
1526 1079 1593 1119 57.

387 1149 532 1191 Prima
558 1163 655 1207 pars
684 1148 831 1190 scholii
861 1148 1039 1190 difficilis
1069 1156 1135 1190 est
1163 1149 1217 1190 ad
1246 1147 1588 1204 intelligendum,
1627 1163 1759 1204 quum
1798 1149 1927 1190 verba
1959 1139 2011 1205 ἦν
2047 1148 2098 1190 δὲ
2127 1143 2224 1198 ἑνος
2247 1141 2383 1202 μόνου
2411 1145 2567 1204 ἔξοδος
2591 1148 2638 1193 ἐν

249 1221 315 1277 τῷ
342 1214 550 1275 α’ντικρύς
574 1220 653 1275 τῆς
678 1214 857 1269 εἶςόδου
883 1219 1019 1275 τοίχῳ
1047 1220 1126 1261 τοῦ
1154 1213 1370 1275 ανδρῶνος
1397 1219 1473 1276 (cf.
1502 1220 1555 1261 ad
1574 1219 1769 1278 proxima
1799 1220 1905 1261 haec
1936 1220 2060 1262 veiba
2090 1221 2220 1262 schol.
2248 1221 2290 1262 in
2319 1236 2360 1262 v.
2380 1222 2482 1277 270)
2509 1223 2635 1278 plane

249 1295 360 1337 idem
389 1293 627 1349 significare
657 1292 900 1344 videantur,
940 1292 1053 1349 quod
1081 1291 1136 1334 ad
1163 1308 1202 1333 v.
1236 1295 1312 1334 126
1342 1292 1519 1347 legimus
1547 1282 1810 1349 »ὀρσοθύρη
1837 1306 1852 1334 .·
1877 1289 1923 1334 ἐν
1948 1291 2013 1348 τῷ
2039 1293 2118 1333 τοῦ
2144 1291 2272 1334 οἴκου
2298 1290 2476 1349 ἐναντίῳ
2502 1293 2635 1351 τοίχῳ

250 1358 374 1423 θύρα
401 1356 470 1421 ἦν,
508 1364 565 1408 δι’
592 1355 641 1420 ἦς
668 1381 705 1407 κ.
734 1379 770 1407 τ.
801 1364 864 1416 λ.,
903 1365 963 1407 ita
991 1371 1041 1406 ut
1068 1357 1328 1421 ὀρσοθύραν
1353 1372 1397 1407 et
1424 1355 1643 1422 ἐφορμήν,
1672 1360 1850 1417 ἔξοδον,
1879 1361 1975 1415 ἑνὸς
1999 1357 2136 1417 μόνου
2164 1362 2350 1418 §godon
2390 1366 2513 1410 facile
2540 1368 2635 1423 quis

248 1453 376 1481 unam
405 1438 666 1493 eandemque
688 1438 865 1492 januam
894 1436 1050 1479 habere
1079 1435 1221 1492 possit.
1279 1438 1342 1478 At
1370 1435 1545 1480 Homeri
1574 1436 1704 1479 verba
1734 1436 1777 1478 id
1806 1437 1897 1479 fieri
1924 1452 2007 1478 non
2035 1437 2270 1493 patiuntur,
2298 1453 2337 1479 V.
2365 1453 2494 1494 supra
2513 1455 2555 1495 p.
2568 1441 2633 1489 55,

215 1559 218 1561 ‚
248 1525 287 1552 v.
309 1513 334 1552 6
355 1523 445 1566 sqq.
474 1508 742 1565 Quamquam
763 1508 891 1563 igitur
910 1508 1099 1558 suerunt,
1129 1508 1201 1564 qui
1231 1499 1353 1564 »τῆνα
1382 1523 1422 1550 v.
1446 1510 1522 1551 129
1551 1507 1605 1552 ad
1634 1499 1901 1565 σ’ρσοθύραν
1928 1516 2122 1565 spectare
2147 1515 2358 1566 putarent,
2389 1501 2631 1567 »ἐφορμὴνα

248 1596 392 1637 nemo,
434 1581 549 1637 quod
585 1581 735 1633 sciam,
777 1581 1078 1638 interpretatus
1108 1586 1175 1623 est
1215 1571 1531 1637 »ὀρσοθύρανω
1592 1578 1722 1624 „Mic
1750 1579 1790 1622 δ’
1806 1578 1880 1636 οἴη
1904 1578 2053 1636 γίγνετ’
2080 1572 2253 1638 ἐφορμή
2280 1599 2334 1617 =
2361 1580 2487 1625 Unus
2518 1582 2634 1626 solus

248 1653 376 1697 fiebat
418 1652 590 1696 aditus“
632 1659 699 1695 est
740 1653 881 1710 potius
913 1667 923 1694 :
963 1667 1064 1695 una
1100 1652 1214 1695 sola
1257 1651 1339 1695 via
1374 1651 1429 1695 ad
1468 1652 1583 1695 hunc
1610 1651 1794 1703 exitum,
1835 1647 1934 1695 ὁδὸν
1961 1651 2010 1702 ἐς
2037 1645 2199 1709 λαύρην
2227 1652 2287 1709 (v,
2321 1654 2443 1707 128),
2485 1653 2635 1697 accedi

248 1731 427 1782 poterat.
482 1716 677 1782 Ἐφορμή
715 1723 846 1779 igitur
887 1729 930 1766 et
966 1723 1111 1780 glossa
1137 1718 1295 1777 ἔξοδος
1323 1738 1404 1767 non
1432 1723 1543 1781 ipsas
1566 1722 1724 1779 januae
1750 1723 1970 1780 cujusdam
1998 1723 2114 1767 fores
2144 1723 2396 1780 significant,
2435 1732 2485 1788 ut
2518 1723 2633 1768 Xeu.

250 1795 390 1840 Anab.
419 1795 506 1847 IV,
535 1799 583 1847 2,
613 1799 639 1840 6
680 1791 889 1854 ἔφοδος
931 1787 1146 1847 (αὐτόθεν
1172 1793 1249 1839 ἐπὶ
1276 1808 1383 1844 τοις
1410 1792 1652 1847 πολεμίους
1678 1786 1744 1851 ἦν)
1784 1810 1870 1838 ιιοιι
1900 1801 2063 1838 certum
2092 1795 2183 1837 viae
2212 1794 2374 1847 locum,
2417 1796 2634 1852 angustias

251 1867 338 1911 sive
365 1875 509 1924 portas
536 1867 835 1918 transeundas,
866 1866 940 1910 sed
968 1874 1098 1909 totam
1127 1867 1235 1909 viam
1268 1867 1357 1910 sive
1386 1866 1516 1909 mavis
1542 1865 1672 1923 ipsam
1702 1865 1929 1909 accedendi
1958 1865 2177 1921 (exeundi)
2206 1866 2432 1909 actionem.
2488 1866 2636 1924 thue

249 1938 362 1997 apud
398 1939 731 1996 Xenophontem
772 1938 981 1981 sent-entia
1018 1944 1082 1980 est
1119 1953 1130 1980 z
1172 1937 1280 1980 Inde
1317 1937 1371 1980 ad
1407 1936 1548 1979 hostes
1582 1936 1728 1980 accedi
1764 1944 1948 1994 poterat,
1996 1936 2056 1979 ita
2094 1935 2237 1992 π(μιά
2273 1936 2312 1979 δ’
2340 1936 2414 1994 οἴη
2452 1935 2634 1994 γίγνετ’)

248 2002 444 2068 Ἐφορμή
470 2025 481 2051 :
512 2006 694 2062 ἔξοδοςα
725 2016 820 2052 est:
849 2023 934 2051 una
963 2008 1051 2050 sola
1079 2008 1145 2050 via
1174 2008 1228 2050 ad
1257 2002 1373 2064 (ὁδὸν
1399 2006 1444 2056 ἐς
1470 2004 1653 2065 λαύρην)
1681 2007 1891 2064 portulam
1917 2007 1961 2049 in
1990 2006 2201 2050 exteriore
2220 2000 2454 2065 προδόμου
2469 2009 2634 2066 pariete

250 2081 303 2123 ab
331 2082 522 2124 Eumaeo
560 2081 827 2124 observatam
866 2080 1032 2131 accedi,
1070 2094 1156 2122 una
1198 2080 1291 2122 sola
1323 2079 1390 2121 via
1428 2093 1480 2122 ex
1521 2093 1627 2121 oeco
1655 2082 1717 2133 (et
1741 2071 1887 2137 λαύρᾳ
1915 2093 1989 2134 per
2018 2079 2230 2136 portulam
2258 2079 2392 2129 illam)
2421 2080 2463 2122 in
2492 2080 2631 2125 aulam

251 2150 590 2210 evadi'poterat.
647 2152 770 2206 Quae
811 2160 1045 2246 sequuantur
1072 2167 1082 2193 z
1120 2142 1167 2206 ἦν
1206 2150 1258 2194 δὲ
1290 2148 1412 2200 ἑνὸς
1445 2142 1611 2202 μόνου
1646 2147 1803 2203 ἔξοδος
1830 2166 1868 2191 κ.
1894 2165 1933 2191 τ.
1963 2149 2000 2192 λ.
2029 2150 2081 2191 ad
2109 2150 2254 2192 eadem
2284 2150 2455 2206 quidem
2481 2159 2634 2207 poetae

252 2224 382 2266 verba
412 2223 549 2280 „ula
587 2223 736 2278 δὀἲη
771 2239 811 2279 y.
851 2222 922 2279 ἐφ.
935 2223 1203 2277 “,spectant
1247 2222 1300 2265 cf.
1331 2223 1451 2264 Eust.
1479 2216 1638 2277 ταύτην
1665 2218 1759 2277 (την
1784 2214 1939 2277 ορσοθ.
1958 2226 1978 2262 ἲ
2022 2237 2062 2262 ν.
2092 2237 2219 2277 supra
2246 2238 2344 2277 pag.
2374 2226 2441 2271 55,
2471 2226 2497 2263 2
2524 2225 2636 2278 sqq.)

248 2290 421 2338 κελεύει
449 2288 677 2344 Ὀδυσσεύς
710 2289 781 2337 τὸν
803 2287 997 2348 Εἷ’μαιον
1024 2284 1289 2351 φράζεσθαι
1324 2290 1458 2346 μίαν
1491 2284 1661 2349 μόνην
1699 2287 1883 2346 ἔχουσαν
1921 2284 2197 2349 οἷφορμήν,
2234 2288 2330 2335 οιάν
2366 2288 2438 2336 ἑνὶ
2480 2284 2633 2349 μόνῳ

250 2365 692 2423 διεξοδευθῆναι
734 2362 810 2408 δια
846 2359 900 2408 τό
935 2358 1040 2421 ἄγαν
1079 2359 1373 2416 στενώτατον,
1418 2361 1494 2407 καὶ
1529 2357 1608 2406 δια
1643 2362 1770 2406 τοῦτο
1810 2377 1884 2406 και
1930 2358 2033 2406 ύπό
2074 2357 2202 2414 ἑνος
2240 2361 2411 2416 μόνου
2450 2358 2633 2417 αλνίμου

248 2436 481 2496 δυναμένην
508 2428 827 2496 φυλάττεσθαι,
856 2436 930 2481 sed
958 2434 1043 2479 noli
1070 2435 1180 2478 hanc
1209 2436 1264 2479 ob
1294 2449 1464 2478 causam
1493 2433 1560 2478 hic
1586 2431 1694 2488 μίαν
1719 2432 1815 2492 οἴην
1840 2433 2108 2492 interpretari
2141 2433 2419 2493 nsimplicem,
2447 2435 2633 2493 singilla-

247 2512 322 2555 tim
360 2509 582 2555 ineundam
620 2509 736 2564 (coll.
772 2508 855 2566 μιᾷ
892 2501 1019 2566 ῥώμῃ
1058 2527 1112 2545 --
1146 2501 1241 2558 ἑνός
1276 2500 1437 2563 ἀνδρὸς
1475 2499 1605 2564 ῥώμῃ
1648 2505 1778 2564 Soph.
1815 2505 1924 2550 Ocd.
1952 2507 2060 2564 Reg.
2099 2522 2138 2551 v.
2170 2510 2260 2551 122.
2294 2508 2427 2563 123)«.
2496 2507 2630 2551 Immo

250 2583 389 2627 „haec
424 2597 510 2626 una
547 2582 637 2625 sola
663 2578 877 2640 ἑφορμηά
908 2581 1001 2625 ideo
1030 2595 1056 2624 a
1084 2579 1310 2624 scholiasta
1338 2576 1401 2623 ἑνὶ
1428 2571 1546 2636 μόνῳ
1575 2579 1834 2623 transeunda
1863 2587 1980 2624 recte
2010 2580 2182 2631 dicitur,
2234 2580 2348 2637 quod
2378 2588 2419 2622 et
2447 2580 2631 2636 portula,

248 2654 303 2698 ad
344 2670 471 2713 quam
508 2669 593 2698 una
634 2660 800 2697 tantum
836 2654 901 2696 via
930 2651 1073 2696 accedi
1100 2652 1249 2709 possit,
1286 2651 1403 2696 haud
1431 2652 1575 2709 inepte
1601 2657 1776 2708 putetur
1804 2651 1961 2695 habere
1992 2660 2217 2707 angustum
2246 2650 2428 2704 aditum,
2459 2650 2532 2692 uni
2560 2651 2628 2693 vel

248 2728 504 2783 paucissimis
549 2725 883 2776 transeundum,
925 2732 967 2767 et
1010 2724 1125 2781 quod
1172 2738 1211 2767 v.
1255 2726 1343 2766 137.
1382 2726 1458 2765 138
1500 2722 1652 2766 diserte
1687 2730 2046 2765 commemoretur
2093 2721 2195 2763 »καὶ
2238 2715 2454 2778 ἅργαλέον
2491 2714 2631 2774 στόμα

248 2792 435 2854 λαύρης·
478 2796 570 2840 Καί
602 2799 641 2850 χ’
661 2790 740 2845 εἷς
767 2788 935 2845 πάντας
961 2787 1112 2852 ἐρύκοι
1139 2788 1269 2852 ἀνήρ,
1298 2787 1350 2844 ὅς
1375 2796 1411 2836 τ’
1431 2787 1621 2846 ἄλκιμος
1648 2793 1776 2850 siqu,
1814 2795 1903 2836 sive
1932 2793 2023 2848 quis
2053 2811 2073 2832 n
2089 2786 2231 2844 στόμα
2258 2785 2458 2848 λαύρηςιι
2497 2793 2630 2849 ipsam

246 2865 360 2911 illam
391 2867 602 2925 portulam
630 2863 755 2922 (ὁδόν
781 2865 828 2918 ἐς
857 2858 1036 2925 λαύρην)
1066 2881 1158 2910 esse
1186 2873 1335 2925 putat,
1379 2866 1468 2908 sive
1506 2865 1725 2922 distinguit
1761 2866 1873 2908 inter
1901 2872 2127 2918 utrumque
2156 2862 2396 2914 transitum,
2434 2862 2477 2906 id
2516 2863 2632 2920 quod

244 2937 405 2982 factum
446 2939 606 2982 videbis
642 2939 684 2981 in
714 2939 884 2982 tabulae
914 2939 1086 2996 lithogr.
1116 2946 1306 2982 extremo
1336 2937 1434 2981 huic
1463 2937 1605 2981 libello
1635 2938 1801 2980 additae
1835 2936 1903 2991 fig.
1934 2935 1982 2977 Β.
2012 2949 2051 2976 ιι.
2082 2936 2106 2976 6
2136 2942 2179 2977 et
2209 2937 2231 2975 7
2262 2933 2332 2988 (--.
2365 2935 2419 2978 de
2446 2936 2567 2978 aedd.
2594 2935 2629 2986 Ι,

247 3008 331 3050 aab.
359 3010 392 3060 Ι,
420 3009 492 3067 fig.
520 3011 578 3061 B,
608 3025 648 3052 n.
679 3013 719 3053 6.
748 3010 806 3063 7).
864 3010 1028 3052 Tamen
1064 3010 1229 3053 etiamsi
1265 3009 1403 3052 verbis
1432 3000 1480 3066 ἦν
1508 3006 1560 3052 δὲ
1587 3003 1682 3058 ἑνός
1705 3005 1837 3060 μόνου
1862 3003 2019 3059 ἔξοδος
2045 3003 2090 3047 ἐν
2115 3005 2181 3060 τῷ
2210 2998 2408 3063 ἄντικρύς
2433 3006 2508 3061 τῆς
2534 3003 2630 3056 εἶς-

248 3073 352 3121 ὁδου
382 3080 515 3137 τοίχῳ
551 3081 631 3124 τοῦ
666 3075 889 3138 ἀνδρῶνος
925 3081 1133 3123 rationem
1170 3080 1350 3124 describi
1393 3080 1625 3130 concedas,
1663 3094 1744 3135 qua
1782 3091 1892 3120 unus
1928 3077 1998 3118 ille
2039 3090 2115 3132 per
2151 3077 2363 3133 portulam
2402 3070 2631 3133 προδόμου

250 3161 454 3194 evasurus
491 3167 643 3196 oecum
689 3152 927 3208 relinquere
963 3153 1173 3208 potuerit,
1212 3158 1434 3195 contortus
1461 3159 1524 3194 est
1552 3150 1717 3194 dicendi
1744 3148 1896 3192 modus
1926 3163 1936 3190 ε
1970 3149 2146 3191 »exitus
2174 3156 2266 3192 erat
2296 3149 2421 3191 unius
2449 3148 2558 3190 illius
2584 3147 2628 3190 in

249 3218 429 3264 adverso
464 3223 559 3267 occi
590 3224 773 3268 virorum
801 3223 995 3282 pariete«
1025 3237 1101 3280 pro
1130 3238 1208 3275 eo,
1247 3223 1365 3281 quod
1393 3213 1475 3267 dici
1504 3221 1690 3281 oportuit
1715 3237 1726 3263 z
1767 3217 1963 3263 »initiuin
1994 3219 2183 3263 exeundi
2210 3220 2282 3264 uni
2308 3219 2366 3263 illi
2394 3220 2631 3276 profectum

249 3297 314 3334 est
351 3291 434 3348 (iu)
477 3294 531 3338 ab
574 3295 755 3342 adverso
790 3295 882 3341 oeci
924 3294 1109 3339 virorum
1146 3293 1308 3353 pariete
1319 3292 1356 3336 ².
1422 3292 1521 3338 Jam
1562 3298 1800 3350 sequuntur
1835 3291 2025 3348 singulae
2059 3290 2197 3335 exitus
2232 3290 2365 3349 ipsius
2402 3291 2428 3333 i.
2465 3304 2502 3335 e.
2535 3291 2630 3337 viae

2075 3359 2100 3400 9
