2955 3681
1444 109 1510 158 38

274 239 416 302 μυχός
443 250 535 293 oeci
565 257 651 301 est,
695 251 748 294 de
790 266 874 308 quo
913 257 1001 294 tam
1043 267 1171 310 saepe
1200 253 1331 297 verba
1359 253 1546 298 fecimus.
1583 280 1627 288 -
1660 256 1757 301 Jam
1790 259 2037 303 alterutrum
2074 261 2307 315 μεσοδμῶν
2332 277 2467 318 genus
2496 264 2672 320 cogitari

274 327 432 376 1³⁰2&t
416 377 506 419 Au
507 380 532 419 t
562 376 639 433 ipsi
669 376 865 433 epistylio
885 379 964 420 toti
994 378 1041 434 (i
1066 394 1105 422 Θ
1137 381 1211 423 uni
1233 383 1366 435 tigno,
1396 379 1524 435 quod,
1553 380 1844 424 columnarum
1866 383 2017 435 ordini,
2045 400 2173 441 quem
2194 386 2387 440 diximus,
2413 387 2670 445 impositum,

279 444 332 489 ab
362 461 445 489 uno
473 445 564 490 oeci
594 446 724 491 latere
752 446 807 492 ad
836 448 1020 492 alterum
1050 449 1308 508 pertinebat)
1339 449 1529 494 tabulata
1556 458 1600 495 et
1629 465 1652 495 e
1682 451 1863 496 trabium
1893 468 2098 511 compage
2127 456 2371 514 superiores
2393 458 2670 502 habitationes

278 532 363 560 non
393 517 512 559 nimis
543 518 678 569 altae,
708 527 924 577 postremo
951 534 1115 563 summa
1143 528 1256 564 tecta
1284 528 1577 578 superstructa
1607 529 1741 566 erant.
1798 522 1920 568 Haec
1949 524 2057 568 ratio
2086 533 2151 568 est
2179 527 2483 585 simplicissima
2513 537 2555 572 et
2583 527 2669 573 sine

279 588 404 631 dubio
433 589 600 640 eadem,
648 605 776 647 quam
808 591 998 634 Galenus
1036 592 1140 635 locis
1168 606 1295 649 supra
1325 593 1378 635 ad
1408 593 1476 644 A,
1510 594 1564 650 1.)
1595 601 1639 637 et
1667 598 1707 645 2,
1737 594 1794 650 a.)
1824 594 1960 638 allatis
1989 595 2185 639 describit
2214 606 2255 640 et
2284 614 2362 643 sua
2391 608 2528 644 aetate
2556 614 2669 643 παν-

276 657 461 714 δοχείων
503 668 546 703 et
583 661 831 720 γεωργικῶν
866 660 1002 705 οἴκων
1037 662 1252 720 propriam
1295 662 1426 708 fuisse
1464 664 1578 710 dicit.
1657 664 1937 711 Columnis
1978 666 2149 724 quidem
2184 661 2414 723 μεσόδμας
2444 670 2666 730 impositas

275 732 404 773 fuisse
442 732 523 774 illis
561 734 663 776 locis
706 749 792 776 non
834 735 1170 784 demonstratur,
1213 735 1287 778 sed
1326 750 1377 779 ex
1419 750 1464 779 sc
1502 735 1747 792 intelligitur
1775 744 1818 780 et
1846 737 1903 780 ita
1931 753 2022 780 rem
2053 739 2251 782 habuisse
2281 741 2403 784 etiam
2435 758 2487 785 ex
2517 758 2666 786 eorum

275 798 493 860 ὑπερῴων
520 805 837 847 adumbratione
867 805 1093 848 verisimile
1123 805 1195 857 fit,
1237 820 1347 863 quae
1379 806 1541 849 Athen.
1571 809 1632 860 Ε,
1665 822 1702 851 c.
1734 811 1805 860 38,
1841 824 1884 868 Ρ.
1913 811 1993 854 205
2023 808 2066 853 in
2095 809 2377 870 Philopatoris
2408 813 2505 856 navi
2532 814 2666 859 thala-

272 890 397 931 mego
435 876 683 931 explicanda
726 877 930 934 κρυπτῶν
968 879 1138 919 nomine
1180 878 1376 934 appellat.
1451 878 1593 920 Verba
1622 879 1783 923 Athen.
1823 896 1864 938 p.
1898 884 1980 924 204
2020 891 2127 925 extr.
2157 892 2294 926 sunt:
2337 882 2469 941 πέριξ
2504 883 2554 928 δὲ
2590 886 2667 942 τῆς

270 961 376 996 νεως
417 946 664 1004 περίπατοι
704 964 814 991 κατα
855 947 938 999 τοὶς
979 952 1099 1004 τρεῖς
1140 947 1340 1006 πλευρας
1380 942 1632 1005 ἐγεγόνεσαν
1673 951 1848 1002 διπλοῖ,
1891 944 1952 994 ὦν
1984 948 2012 1011 ἠ
2047 952 2127 1007 μὲν
2167 954 2435 1014 περίμετρος
2463 948 2509 1013 ἢν
2536 955 2665 1000 πέντε

271 1018 484 1075 πλέθρων
502 1035 583 1062 ουκ
603 1015 807 1071 ε’λοὲττων,
838 1017 862 1076 ἦ
881 1021 932 1064 δὲ
960 1016 1172 1070 διάθεσις
1197 1022 1278 1063 τοῦ
1292 1035 1373 1073 μεν
1389 1021 1622 1076 καταγείου
1649 1017 1972 1081 περιστύλῳ
2003 1019 2330 1082 παραπλήσιος,
2359 1028 2456 1069 τοῦ
2483 1027 2521 1069 δ’
2541 1025 2664 1071 ὑπέ-

271 1081 417 1148 ρῳόυ
455 1085 663 1150 κρύπτῃ
699 1096 982 1149 φραγμοῖς
1015 1093 1102 1136 καὶ
1147 1092 1343 1149 θυρίσι
1384 1092 1752 1151 περιεχομένῃ
1794 1089 2094 1139 πάντοθεν.
2153 1100 2340 1141 Aedium
2371 1114 2471 1142 vero
2499 1108 2661 1157 partem

266 1160 461 1221 κρύπτης
489 1167 657 1208 nomine
690 1165 900 1219 designari
931 1164 1138 1219 intelliges
1169 1180 1220 1207 ex
1252 1164 1369 1208 Suet.
1400 1165 1536 1222 Calig.
1567 1181 1602 1208 c.
1635 1167 1700 1220 58,
1730 1165 1802 1209 ubi
1830 1166 1975 1217 locus,
2005 1168 2047 1209 in
2078 1184 2162 1224 quo
2193 1169 2387 1224 Caligula
2417 1171 2662 1215 interfectus

268 1243 345 1285 est,
376 1236 584 1277 indicatur
610 1236 673 1277 his
703 1235 840 1277 verbis
869 1252 879 1276 z
911 1236 1048 1277 „Cum
1077 1235 1118 1277 in
1149 1244 1363 1291 crypta,
1402 1252 1479 1293 per
1509 1252 1637 1293 quam
1666 1237 1968 1280 transeundum
1998 1247 2102 1289 erat,
2133 1242 2256 1297 pueri
2285 1241 2443 1283 nobiles
2474 1256 2525 1284 ex
2554 1243 2662 1284 Asia

268 1307 321 1350 ad
360 1306 542 1351 edendas
579 1307 620 1350 in
663 1321 791 1350 scena
831 1323 982 1363 operas
1023 1307 1187 1350 evocati
1216 1316 1588 1366 praepararentur,
1630 1309 1821 1351 restitim
1880 1309 1951 1351 De
1987 1309 2136 1353 eodem
2176 1311 2270 1354 loco
2306 1327 2342 1354 c.
2372 1315 2466 1356 59:
2502 1314 2568 1357 nin
2609 1329 2660 1357 ea

268 1393 438 1435 quoque
475 1379 657 1429 domo,
701 1378 742 1422 in
783 1394 867 1436 qua
908 1370 1177 1429 occubuerit,
1222 1379 1380 1422 nullam
1411 1389 1576 1422 noctem
1608 1379 1696 1422 sine
1726 1379 1866 1438 aliquo
1895 1388 2057 1424 terrore
2078 1390 2363 1434 transactam,
2400 1384 2536 1428 donec
2569 1383 2660 1441 ipsa

266 1451 417 1494 domus
456 1451 650 1495 incendio
695 1461 917 1494 consumta
958 1452 1048 1495 sinu
1108 1452 1387 1495 Casaubonus
1429 1452 1480 1494 ad
1512 1454 1691 1508 priorem
1721 1454 1861 1495 locum
1904 1454 2045 1510 adjicit
2083 1471 2093 1496 z
2135 1454 2242 1496 „Dio
2281 1449 2501 1498 στενωπόν
2536 1465 2659 1499 vocat

266 1523 356 1578 (lib.
388 1526 464 1574 59,
495 1539 530 1565 c.
563 1527 615 1566 29
631 1539 643 1575 ς
674 1523 731 1574 11,
760 1540 799 1580 p.
833 1527 912 1566 936
942 1525 1005 1566 ed.
1035 1525 1218 1566 Reimar.
1248 1520 1513 1580 τηρήσαντες
1541 1517 1669 1567 αὐτὸν
1693 1521 1742 1566 ἐκ
1769 1525 1850 1567 τοῦ
1879 1522 2076 1582 θεάτρου
2103 1523 2348 1580 ἐξελθόντα
2375 1552 2430 1558 -
2457 1553 2510 1559 —
2540 1521 2653 1571 οἷπέ-

262 1609 447 1645 κτειναν,
475 1592 521 1636 ἐν
548 1596 763 1651 στενωπῷ
788 1610 874 1637 τινι
903 1588 1241 1651 οἷπολαβόντες),
1272 1596 1478 1653 Iosephus
1508 1590 1729 1638 στενωπόν
1756 1588 2015 1653 ἠρεμηκότα,
2044 1597 2152 1641 idem
2177 1595 2330 1647 στενοῖς
2354 1590 2496 1648 ὁδούς,
2526 1613 2654 1655 quum

268 1666 325 1708 ait
346 1667 505 1708 στενῶν
531 1660 678 1709 ου’σῶν
704 1669 793 1708 τῶν
820 1662 934 1709 ὁδοῖν
962 1667 1065 1710 καθ’
1094 1659 1147 1717 ἃς
1167 1664 1367 1725 ἔπραξαν
1393 1662 1442 1710 τὸ
1470 1664 1631 1723 ἔργονα.
1689 1666 1853 1719 Quodsi
1883 1668 1964 1710 hoc
1993 1683 2130 1723 genus
2166 1668 2419 1720 μεσοδμιῦν,
2458 1666 2658 1725 ὑπερῷον

269 1753 351 1780 non
379 1738 499 1779 nimis
529 1739 659 1780 altum
690 1738 874 1794 satisque
904 1748 1154 1794 angustum,
1195 1755 1289 1781 cum
1320 1739 1448 1793 hujus
1475 1737 1677 1795 temporis
1707 1737 1906 1780 aedificiis
1937 1753 2184 1794 comparare
2216 1739 2414 1790 velimus,
2444 1739 2509 1793 id,
2540 1742 2654 1795 quod

268 1824 381 1851 nunc
410 1824 609 1852 vocamus
641 1809 902 1865 „entre-soff,
932 1810 1251 1853 similitudinem
1281 1810 1451 1866 quidem
1482 1809 1693 1865 quandam
1723 1809 1902 1852 referret
1927 1807 2169 1867 μεσόδμης,
2201 1810 2396 1867 quoniam
2427 1820 2655 1868 utrumque

269 1876 484 1939 ὑπερῳίον
502 1897 637 1937 genus
666 1883 777 1924 inter
798 1883 901 1925 duas
922 1883 1258 1936 contignationes
1279 1890 1543 1924 exstructum
1574 1888 1652 1931 est,
1682 1882 1769 1923 sive
1794 1881 1981 1937 superior
2010 1882 2266 1937 contignatio
2286 1882 2424 1939 ipsum
2445 1898 2653 1925 summum

266 1962 427 1998 tectum
458 1963 535 2004 est,
565 1954 606 1996 id
637 1954 748 2010 quod
778 1954 909 2009 vulgo
939 1955 978 1996 in
1007 1945 1252 2006 μεσόδμαις
1279 1954 1437 1996 factum
1469 1968 1561 1996 esse
1581 1959 1699 2008 puto,
1730 1953 1817 1995 sive
1846 1952 1926 1996 alia
1954 1949 2140 2011 ὑπερῷα
2166 1953 2245 2010 ipsi
2271 1948 2476 2010 μεσόδμῃ
2504 1969 2650 2011 super-

267 2033 427 2067 structa
457 2034 578 2075 sunt,
618 2040 702 2081 quo
733 2027 858 2067 modo
888 2026 1013 2068 hodie
1045 2026 1126 2067 „les
1156 2026 1363 2067 entresols«
1395 2024 1670 2066 aedificantur
1700 2032 1743 2066 et
1773 2024 1884 2080 quod
1913 2023 2124 2067 interdum
2153 2026 2267 2081 apud
2289 2025 2476 2068 Graecos
2496 2025 2651 2068 factum

265 2110 358 2140 esse
388 2097 590 2153 Hesychii
619 2096 721 2139 illud
755 2095 1264 2153 ππεντηκοντομέσοδμον
1293 2090 1592 2150 πολύστεγσνα
1625 2111 1661 2138 v,
1688 2110 1816 2151 supra
1847 2096 1914 2144 A,
1945 2099 1984 2145 2,
2013 2095 2073 2149 d.)
2103 2095 2364 2139 demonstrat
2384 2096 2432 2151 ⁸).
2490 2097 2652 2140 Tamen

264 2170 342 2211 hac
382 2169 423 2210 in
467 2183 512 2211 re
556 2169 785 2225 plurimum
822 2169 998 2211 interest
1034 2168 1142 2211 inter
1185 2177 1413 2224 utrumque
1452 2158 1666 2223 ὑπερῴων
1703 2181 1861 2222 genus,
1904 2168 2015 2223 quod
2043 2164 2269 2219 μεσόδμαι
2297 2168 2409 2219 illae,
2450 2178 2650 2224 quantum

262 2241 434 2297 quidem
467 2255 519 2282 ex
550 2248 745 2283 veterum
776 2241 1028 2297 scriptorum
1059 2248 1101 2282 et
1130 2240 1503 2297 grammaticorum
1533 2238 1672 2280 verbis
1702 2252 1960 2294 cognoscere
1990 2237 2137 2289 liceat,
2169 2254 2412 2297 nunquam,
2451 2248 2497 2282 ut
2527 2241 2650 2282 hodie

264 2314 342 2354 „les
372 2313 635 2362 entre-sols«,
673 2313 750 2354 toti
779 2312 963 2355 inferiori
996 2311 1139 2353 domui
1174 2320 1293 2354 erant
1334 2311 1579 2369 impositae,
1618 2310 1693 2352 sed
1721 2310 1763 2352 in
1791 2310 1963 2352 modum
1993 2311 2180 2367 porticus
2212 2311 2454 2369 superioris,
2484 2315 2651 2356 οἰκον

264 2385 542 2432 Galles-fe,
574 2398 723 2425 oecum
754 2399 955 2436 magnum
986 2392 1058 2424 aut
1088 2383 1139 2424 ab
1171 2399 1256 2424 uno
1287 2384 1417 2424 latere
1447 2382 1686 2436 tangebant,
1717 2390 1790 2422 aut
1821 2396 2137 2437 nonnunquam,
2167 2383 2280 2439 quod
2308 2383 2413 2423 infra
2443 2396 2465 2423 e
2496 2384 2648 2424 Galeni

258 2455 362 2511 περὶ
401 2448 642 2497 οἷντιδότων
670 2456 722 2497 Τ.
753 2455 885 2505 XIV,
926 2471 965 2511 p.
1014 2456 1060 2497 17
1100 2455 1181 2508 (ed.
1214 2453 1405 2510 Kuehn.)
1445 2467 1772 2509 cognoscemus,
1815 2468 1839 2493 a
1868 2454 2057 2508 pluribus
2088 2453 2289 2496 lateribus
2319 2454 2647 2496 circumdabant.

261 2528 332 2570 Ad
372 2528 482 2568 hanc
515 2528 573 2569 rei
603 2528 824 2581 imaginem
857 2527 1185 2568 confirmandam
1218 2527 1357 2567 facere
1388 2542 1471 2567 non
1502 2540 1703 2583 possum,
1747 2525 1847 2581 quin
1879 2525 2001 2566 verba
2031 2526 2080 2566 C.
2112 2526 2161 2566 F.
2193 2526 2424 2567 Hermanni
2460 2541 2482 2567 e
2518 2525 2647 2569 literis

256 2664 348 2704 κατὰ
380 2664 442 2715 τήν
475 2664 635 2715 ἐσχάραν
673 2670 753 2715 πυρὶ
778 2670 869 2705 luffa
895 2685 936 2691 ·-
967 2685 1001 2690 -
1031 2662 1218 2710 Ὀδυόσεῦς
1242 2662 1356 2711 ἕζετο,
1391 2665 1563 2707 Penelope
1587 2668 1704 2699 autem
1728 2674 1771 2697 ex
1795 2664 1974 2698 mulierum
1998 2661 2101 2698 domo
2125 2665 2269 2698 veniens
2293 2665 2337 2698 cf.
2363 2675 2392 2698 v.
2419 2668 2473 2699 85.
2500 2669 2542 2700 88
2568 2677 2648 2700 con-

255 2726 385 2759 sederit
407 2720 572 2774 Ὀδυσῆος
597 2728 740 2774 ἐναντίη,
765 2730 800 2760 ἐν
824 2721 931 2774 πυρός
955 2720 1052 2775 αὐγῇ,
1077 2727 1204 2773 τοίχου
1227 2721 1290 2759 τοῦ
1314 2727 1442 2772 ἐτέρου,
1468 2732 1536 2755 non
1562 2731 1745 2765 possumus
1769 2731 1837 2754 non
1862 2728 1981 2764 putare
2005 2732 2080 2755 eam
2105 2723 2137 2755 in
2163 2732 2301 2755 recessu
2324 2722 2384 2755 illo
2409 2724 2484 2756 oeci
2508 2723 2648 2758 sedisse.

258 2782 363 2824 Cujus
391 2784 586 2815 interiorem
612 2784 777 2825 parietem
802 2783 981 2815 mulierum
1008 2783 1125 2814 domui
1150 2781 1330 2815 adversum
1357 2782 1386 2813 si
1412 2780 1524 2815 verbis
1548 2783 1679 2828 τοίχου
1701 2776 1766 2815 τοῦ
1789 2783 1904 2828 ἐτέρου
1939 2780 2125 2822 significari
2150 2780 2295 2821 dixeris,
2331 2782 2375 2813 cs.
2398 2781 2502 2814 Faesi
2524 2782 2567 2814 ed
2592 2784 2648 2823 23,

256 2841 299 2873 89
340 2850 436 2879 sqq.,
470 2839 596 2880 duplex
629 2841 811 2872 difficultas
843 2840 992 2871 tollenda.
1030 2841 1105 2871 erit.
1166 2840 1253 2871 Nam
1286 2840 1315 2871 si
1348 2847 1524 2870 recessum
1560 2838 1664 2878 paulo
1695 2837 1833 2879 longius
1858 2839 2010 2877 patuisse
2037 2838 2205 2868 introrsus
2229 2843 2344 2878 putes,
2381 2838 2417 2869 id
2452 2837 2544 2879 quod
2577 2839 2645 2870 veri

254 2896 364 2928 simile
399 2900 477 2935 est,
509 2897 701 2938 Penelopes
726 2897 824 2928 sedes
850 2896 950 2927 nimis
975 2896 1077 2938 longe
1100 2895 1256 2933 abesset,
1290 2905 1391 2936 quam
1425 2898 1465 2926 ut
1492 2897 1572 2935 apte
1602 2903 1681 2925 cum
1704 2893 1805 2925 Ulixe
1836 2894 2096 2934 colloqueretur.
2144 2893 2200 2926 Ad
2223 2893 2308 2935 hoc,
2342 2895 2375 2927 id
2403 2896 2492 2935 quod
2518 2896 2647 2937 gravis-

255 2954 379 2986 simum
403 2961 642 2996 argumentum
667 2964 742 2987 esse
762 2952 899 2994 judico,
925 2963 1024 2986 nemo
1051 2952 1094 2985 sd
1119 2953 1376 2995 significandam
1401 2952 1517 2985 sedem
1536 2951 1725 2992 Penelopes
1748 2951 1839 2983 Ulixi
1872 2951 1949 2983 sedi
1977 2960 2083 2992 prope
2108 2951 2221 2983 focum
2246 2953 2431 2984 collocatae
2455 2954 2647 2992 adversam,

253 3011 296 3043 cf.
314 3020 343 3043 ν.
361 3012 404 3044 89
430 3013 565 3059 έναι-’τίη
589 3016 622 3042 et
635 3020 668 3042 v.
688 3013 762 3044 164.
781 3012 844 3043 165
868 3009 988 3046 ἀντίον
1010 3001 1050 3058 ἧς
1074 3005 1230 3057 ἀλόχου,
1255 3008 1369 3041 verbis
1393 3012 1545 3041 uteretur
1571 3010 1717 3056 ,τοίχου
1739 3006 1802 3043 w?
1825 3010 1975 3056 ἑτέρον,
1999 3008 2029 3039 si
2055 3007 2133 3039 huic
2156 3008 2274 3050 parieti
2298 3008 2385 3042 alter
2408 3008 2553 3051 eogitari
2577 3018 2644 3042 non

252 3074 370 3111 posset
393 3069 572 3110 oppositus
597 3075 732 3109 praeter
764 3071 913 3110 priorem
941 3068 1047 3100 totius
1080 3067 1155 3099 oeci
1180 3066 1361 3107 parietem,
1397 3067 1432 3099 in
1457 3075 1525 3107 quo
1545 3064 1651 3106 jenua
1674 3066 1870 3107 principalis
1896 3071 2014 3106 aperta
2035 3072 2106 3097 erat
2131 3068 2257 3108 quique
2282 3067 2324 3098 ab
2350 3068 2423 3109 ipsa
2446 3066 2542 3098 Ulixi
2564 3068 2644 3099 sede

252 3131 325 3159 erat
356 3127 617 3158 remotissimus.
667 3125 798 3158 Contra
830 3125 946 3157 omnia
983 3130 1074 3157 recte
1098 3123 1290 3164 habebunt,
1326 3124 1355 3155 si
1380 3123 1576 3165 Penelopen
1601 3123 1677 3162 uni,
1714 3122 1850 3156 Ulixem
1874 3122 1970 3154 alteri
1994 3123 2160 3164 parietum
2196 3123 2330 3156 illorum
2362 3124 2644 3166 intergerivorum

250 3184 449 3226 propiorem
476 3183 583 3217 fuisse
608 3184 784 3216 sumseris.

388 3239 416 3283 s)
440 3239 583 3282 Apionis
607 3241 762 3285 glossam
784 3234 948 3292 μῶόδμη
973 3233 992 3289 ¹}
1017 3244 1103 3290 μέσῃ
1127 3244 1240 3288 dmm
1268 3248 1299 3270 v.
1323 3238 1366 3280 A,
1391 3241 1437 3283 2.)
1460 3244 1559 3278 extr„
1586 3243 1619 3270 et
1642 3237 1751 3270 Bekk.
1776 3237 1906 3270 Anecd.
1933 3237 1959 3279 1,
1987 3247 2019 3280 p.
2045 3239 2122 3272 259.
2149 3240 2258 3272 260-
2242 3233 2307 3274 m?
2332 3237 2363 3274 δ’
2386 3236 2554 3287 ἰκριὸσαι,
2577 3234 2644 3284 τὰς

250 3306 284 3336 dn
319 3295 464 3349 μακρᾶν
497 3295 609 3341 ξυλων
643 3301 898 3348 συντιθεμένας
921 3303 1045 3346 στέγας
1067 3292 1137 3332 vad
1161 3301 1304 3344 στέγαις
1327 3300 1457 3345 ἑτέραις
1492 3296 1723 3339 (amem-«0⁴¹
1763 3300 1798 3329 et
1821 3294 1866 3328 ad
1890 3294 1956 3327 hoc
1980 3300 2015 3329 et
2037 3298 2080 3329 ad
2105 3296 2187 3329 illud
2210 3309 2370 3344 υπερφον
2392 3306 2502 3338 genus
2525 3296 2643 3329 referri

249 3365 354 3397 posse
379 3358 485 3397 patet.
