2955 3681
326 285 470 335 partes
511 274 592 321 »ἐν
625 277 679 335 τῇ
717 276 848 333 δεξιᾷ
885 273 1023 333 γωνίᾳ
1058 267 1106 332 ἦν
1137 268 1230 333 ὄρσ.
1266 289 1305 318 ιι.
1333 289 1372 318 τ.
1401 273 1441 318 λ.
1469 300 1523 308 -
1553 275 1732 322 Mallem
1767 279 1898 335 igitur
1937 279 2066 325 verba
2099 271 2151 339 ἦν
2190 279 2242 323 δὲ
2275 276 2375 330 ἑνός
2406 271 2538 331 μόνου
2563 276 2720 334 ἔξοδος

328 358 496 393 mutare
525 351 613 393 ita:
636 341 686 406 ἦν
713 347 765 393 δὲ
792 342 870 405 ἥδε
897 344 923 405 ἦ
951 345 1050 397 ἑνός
1073 339 1214 400 μόνου
1242 343 1399 401 ἔξοδος
1428 346 1494 390 vel
1524 340 1603 403 ἣδε
1632 348 1684 391 δὲ
1711 346 1738 405 ἡ
1763 348 1859 401 ἑνὸς
1882 344 2018 404 μόνον
2045 348 2202 406 ἔξοδος
2226 343 2287 409 ἦν.
2334 353 2398 395 Ἐν
2423 351 2489 407 τῷ
2516 344 2719 408 α’ντικρὺς

324 421 407 478 τῆς
433 413 604 472 εἷςόδου
628 418 763 475 τοίχῳ
787 418 868 462 τοῦ
894 412 1119 476 α’νδρῶνος
1144 417 1191 462 ἐν
1213 419 1269 477 τῇ
1298 418 1428 475 δεξιᾷ
1451 416 1588 474 γωνίᾳ
1613 411 1662 476 ἦν
1686 413 1945 480 ὀρσοθύρα,
1975 422 2055 466 nisi
2080 424 2162 466 hoc
2190 422 2229 466 ei
2253 422 2574 480 relinquendum
2594 431 2719 473 esset,

330 493 405 549 qui
434 492 626 535 codicum
656 491 904 547 adjumento
931 506 1037 534 usus
1067 505 1211 534 veram
1239 490 1387 533 scholii
1414 490 1595 534 formam
1623 492 1846 535 restituere
1868 494 2036 551 poterit.
2077 494 2168 538 Etsi
2189 509 2300 546 vero,
2320 509 2447 552 quam
2469 494 2718 538 sententiam

328 564 472 622 primis
501 561 649 606 scholii
669 562 806 607 verbis
829 563 966 606 inesse
987 570 1248 620 putaremus,
1278 561 1669 614 demonstravimus,
1701 571 1831 621 capnt
1850 564 1982 607 totius
2001 566 2274 622 quaestionis,
2302 566 2441 622 ipsum
2462 558 2719 624 ὀρσοθύρας

329 636 470 678 locum
508 634 696 678 nonduin
736 635 835 678 satis
871 634 1188 690 explicavimus.
1259 633 1372 677 Olim
1402 634 1478 690 (de
1507 635 1626 678 aedd.
1653 634 1697 688 1,
1726 650 1767 692 p.
1797 637 1875 685 30,
1905 650 2001 678 ann.
2030 639 2108 688 39,
2137 652 2176 680 v.
2204 641 2232 680 4
2262 636 2408 694 scripsi
2443 636 2603 680 »Viam
2642 652 2718 694 per

325 697 578 764 ὀρσοθύρην
614 708 671 758 (n.
701 705 747 762 4)
788 721 885 748 cum
915 705 1163 748 Buttmanni
1195 705 1354 750 scholio
1384 707 1436 748 ad
1464 722 1515 759 χ,
1554 710 1633 749 130
1658 729 1714 736 -
1740 704 1787 747 ἐν
1810 707 1866 764 τῇ
1889 705 2020 763 δεξιᾷ
2041 706 2196 764 γωνίᾳ,
2231 723 2313 750 non
2343 723 2474 764 prope
2500 707 2716 750 introitum

327 773 542 829 θαλάμου
580 777 829 827 mulierum,
867 776 917 817 id
966 775 1108 832 quod
1155 782 1324 819 antea
1360 776 1668 830 volueram,
1719 778 1913 835 aperui«.
1983 777 2092 829 Sed,
2133 788 2182 822 ut
2227 795 2371 823 verum
2410 779 2568 831 dicam,
2632 794 2716 822 non

325 843 390 907 ὄρ
405 845 558 892 ‹xo-915
567 864 663 906 ραν
697 848 741 890 ἰη
778 849 833 906 τῇ
869 848 998 904 δεξιᾷ
1031 846 1168 904 γωνίᾳ
1196 848 1284 892 sive
1312 857 1503 891 extrema
1532 849 1668 892 dextri
1698 848 1867 906 parietis
1894 856 2013 905 parte
2043 851 2209 907 aperui,
2244 851 2317 893 sed
2354 847 2430 907 τήν
2457 842 2719 906 αὕθεντικῆν

330 936 429 963 cum
460 920 583 962 scalis
610 919 892 974 conjunctam,
922 927 966 962 et
995 920 1127 976 ipsam
1158 933 1338 962 numero
1367 924 1393 962 4
1423 919 1643 976 signatam.
1695 911 1944 979 Ὀρσοθύρᾳ
1970 920 2110 963 locum
2140 921 2308 964 definivi
2337 922 2491 976 angulo
2512 922 2568 963 illi
2589 936 2714 978 quam

329 993 512 1035 maxime
542 991 726 1034 vicinum
756 992 798 1034 in
829 992 969 1049 priore
994 983 1215 1047 μεσόδμης
1243 991 1432 1047 margine
1461 998 1504 1034 et
1530 992 1675 1036 itidem
1704 1007 1926 1035 numerum
1947 997 1974 1034 4
2003 992 2188 1049 appinxi.
2233 992 2372 1043 Nunc,
2401 993 2512 1049 quod
2542 1002 2716 1050 propter

329 1064 463 1107 solam
503 1063 754 1106 scholiastae
793 1063 1086 1105 auctoritatem
1126 1062 1340 1120 (eamque
1380 1076 1433 1105 ne
1463 1063 1519 1105 ita
1558 1062 1728 1119 quidem
1771 1062 1868 1106 satis
1904 1071 2103 1105 accurate
2142 1062 2485 1119 comprobatam)
2519 1064 2714 1114 feceram,

327 1135 542 1185 rescindo,
586 1134 787 1191 quodque
825 1142 951 1176 antea
992 1134 1233 1184 volueram,
1275 1134 1465 1176 restituo.
1533 1134 1767 1177 Primum
1804 1133 1984 1177 enimin
2008 1135 2139 1190 janua
2169 1133 2394 1191 principali
2424 1144 2539 1177 stans
2565 1135 2713 1177 Ulixes

328 1206 611 1250 Melanthium
648 1204 947 1247 ascendentem
984 1220 1061 1261 per
1097 1205 1277 1261 priorem
1314 1205 1489 1261 januam
1519 1209 1547 1247 4
1590 1205 1906 1249 deformationis
1947 1220 2064 1249 meae
2093 1205 2144 1248 de
2173 1205 2293 1249 aedd.
2323 1204 2364 1256 I,
2393 1206 2476 1248 tab.
2506 1207 2549 1255 Ι,
2578 1206 2650 1262 fig.
2677 1208 2714 1249 B

328 1278 576 1335 conspicere
596 1276 755 1337 debuit,
775 1277 814 1319 id
837 1277 951 1332 quod
972 1276 1132 1319 factum
1153 1292 1237 1318 non
1259 1291 1351 1319 esse
1368 1277 1457 1332 jam
1481 1292 1608 1333 supra
1627 1279 1686 1334 (p.
1704 1280 1771 1328 56,
1790 1293 1826 1320 v,
1841 1281 1866 1319 8
1886 1277 1935 1319 ab
1955 1277 2025 1319 inf.
2046 1280 2118 1328 m.)
2138 1291 2162 1319 e
2182 1280 2248 1325 22,
2274 1278 2345 1318 151
2371 1291 2431 1332 sq.
2452 1277 2714 1333 collegimus.

328 1349 491 1393 Contra
528 1348 559 1391 si
598 1341 859 1404 ὀρσοθύραν
889 1347 933 1389 in
962 1363 1012 1391 eo
1039 1340 1262 1404 μεσόδμης
1289 1348 1420 1390 latere
1448 1349 1630 1404 aperias,
1675 1349 1788 1406 quod
1817 1349 1881 1407 ,τῇ
1918 1341 2153 1407 αὕθεντικῇ
2183 1341 2309 1404 θύρᾳ
2336 1363 2432 1391 cum
2463 1350 2586 1391 scalis
2615 1364 2715 1392 con-

322 1420 496 1476 junctae
534 1419 775 1476 oppositum
817 1427 881 1462 est
914 1419 1118 1476 quodque
1147 1421 1280 1476 ipsam
1311 1419 1504 1462 dextram
1533 1427 1695 1476 partem
1723 1420 1800 1462 τοῦ
1825 1421 1967 1474 μυχοῦ
1995 1421 2080 1464 sive
2110 1420 2303 1463 introitus
2332 1412 2540 1473 θαλάμου
2567 1420 2713 1465 mulie-

328 1508 422 1535 rum
451 1493 601 1549 tangit,
631 1491 889 1535 Melanthius
917 1492 1009 1550 ipsa
1038 1491 1110 1535 illa
1139 1492 1349 1543 columna,
1379 1506 1508 1548 prope
1539 1507 1665 1548 quam
1697 1492 1901 1535 collocavi
1931 1500 2140 1535 crateram
2170 1493 2249 1548 (lit.
2281 1495 2342 1548 n),
2372 1494 2459 1548 tegi
2482 1501 2523 1534 et
2544 1493 2713 1536 Ulixem

325 1564 472 1607 fallere
502 1565 650 1620 potuit.
695 1564 905 1608 Deinde
933 1563 991 1606 ita
1011 1564 1180 1607 demum
1209 1555 1408 1621 μεσόδμη
1436 1578 1583 1607 revera
1611 1563 1722 1606 sacta
1753 1578 1845 1606 esse
1876 1564 2042 1607 videtur
2073 1557 2378 1622 »οἷμφίπυλονα
2410 1566 2433 1607 i.
2455 1579 2491 1606 e.
2521 1566 2714 1620 superior

326 1636 598 1691 contignatio,
628 1650 652 1676 a
682 1636 804 1689 cujus
833 1643 1068 1692 utraque
1096 1644 1215 1693 parte
1239 1637 1371 1691 janua
1399 1644 1545 1692 aperta
1573 1634 1637 1677 sit.
1693 1634 1992 1686 Postremo,
2024 1635 2057 1677 si
2084 1645 2249 1685 cuncta,
2279 1651 2386 1691 quae
2407 1637 2459 1677 de
2479 1628 2715 1692 ὀρσοθύρᾳ

329 1708 484 1749 tradita
526 1714 646 1768 sunt,
691 1707 1028 1763 comparaveris,
1073 1707 1253 1763 amplius
1291 1706 1428 1750 omnia
1466 1706 1518 1749 ad
1561 1721 1748 1748 normam
1791 1707 2020 1750 verborum
2065 1707 2233 1749 illorum
2273 1703 2318 1749 ἐν
2343 1707 2399 1763 τῇ
2427 1707 2553 1762 δεξιᾷ
2581 1705 2715 1763 γωνίᾳ

326 1778 511 1833 dirigere
553 1777 698 1827 noles,
741 1793 871 1833 quum
914 1786 1005 1819 aut
1045 1778 1273 1820 scholiasta
1314 1778 1356 1819 in
1399 1792 1544 1820 eorum
1575 1793 1748 1820 numero
1777 1778 1909 1821 fuisse
1936 1778 2089 1834 possit,
2130 1779 2202 1833 qui
2231 1778 2323 1819 leve
2353 1778 2576 1819 discrimen
2608 1778 2714 1820 inter

327 1857 554 1903 utramque
593 1844 854 1903 ἀμφιπὺλου
885 1849 1060 1903 januam
1092 1855 1340 1905 spernentes
1367 1841 1440 1905 τήν
1469 1841 1731 1905 αὐθεντικήν
1757 1847 1892 1906 ipsam
1922 1840 2179 1906 όρσοθιῖραν
2207 1849 2412 1892 haberent
2442 1850 2508 1892 vel
2538 1848 2713 1891 alteram

326 1916 591 1975 ὀρσοθόραν
628 1920 912 1976 appellarent,
952 1935 990 1960 v.
1031 1934 1159 1975 supra
1188 1935 1286 1975 pag.
1318 1922 1384 1968 55,
1414 1933 1522 1961 vers.
1554 1923 1606 1960 34
1644 1921 1695 1960 ad
1726 1920 1846 1962 Eust.
1877 1934 1917 1974 p.
1952 1922 2079 1969 1921,
2121 1922 2175 1962 46
2203 1944 2257 1950 -
2294 1927 2381 1962 aut
2418 1919 2542 1963 verba
2581 1916 2625 1962 ἐν
2661 1920 2715 1977 τῇ

327 1991 458 2048 δεξιᾷ
483 1989 618 2047 γωνίᾳ
647 1991 759 2033 aliud
790 1990 1028 2045 significare
1056 1991 1239 2046 possint,
1284 1998 1413 2044 atque
1442 1990 1676 2043 significare
1704 1991 1936 2032 videantur.
1992 1990 2043 2031 In
2074 1990 2306 2047 proximam
2338 1991 2445 2032 hanc
2475 1991 2714 2046 opinionem

325 2077 457 2119 quum
502 2062 710 2104 adductus
755 2076 915 2110 essem,
958 2061 1063 2112 fuit,
1108 2076 1240 2118 quum
1284 2060 1339 2103 ob
1382 2059 1698 2102 similitudinem
1740 2062 1960 2103 notionum
2003 2062 2196 2116 α’γκιῦνος
2234 2070 2274 2104 et
2310 2060 2469 2116 γωνίας
2497 2062 2556 2118 (ν.
2586 2076 2714 2118 supra

325 2141 466 2175 annot.
503 2135 651 2186 l2¹¹¹⁸¹¹¹)
679 2127 753 2189 τήν
782 2128 934 2186 δεξιάν
961 2129 1118 2188 γωνίαν
1144 2131 1255 2176 idem
1286 2146 1378 2174 esse
1406 2131 1630 2181 sentirem,
1672 2133 1785 2188 quod
1816 2133 2009 2174 dextram
2038 2125 2276 2189 μεσόδμην,
2307 2133 2499 2175 dextrum
2531 2134 2713 2189 α’γκῶνα.

325 2204 410 2246 Sed
432 2205 535 2246 haec
564 2205 684 2247 nimis
711 2206 885 2255 incerta,
914 2218 967 2246 ne
988 2204 1125 2247 dicam
1144 2219 1229 2247 non
1252 2202 1353 2246 satis
1373 2202 1615 2259 probabilia,
1647 2213 1745 2247 sunt
1773 2213 1828 2259 et,
1858 2206 1932 2246 nisi
1954 2206 2091 2255 fallor,
2118 2206 2207 2260 ipsa
2229 2206 2388 2246 scholia
2408 2207 2447 2246 in
2470 2205 2711 2260 Odysseam

324 2276 551 2334 faciliorem
582 2277 842 2319 difficultatis
872 2277 1084 2320 tollendae
1112 2275 1285 2319 modurn
1316 2275 1532 2332 praebent.
1590 2274 1730 2328 Quum
1762 2278 1871 2319 enim
1902 2293 1946 2332 η,
1991 2280 2041 2319 87
2075 2277 2126 2318 ad
2157 2278 2308 2318 lemma
2350 2275 2433 2326 »ἐς
2455 2274 2628 2329 μυχόν
2661 2275 2712 2330 ἐξ

327 2349 502 2390 οὐδοῦα
534 2350 573 2390 ἰη
603 2349 696 2390 cod.
728 2350 765 2390 E
796 2349 1043 2391 adnotatum
1074 2349 1128 2391 sit
1159 2342 1289 2390 »α’πό
1315 2346 1456 2403 φλιᾶς
1481 2347 1614 2402 μέχρι
1641 2348 1733 2400 τῆς
1761 2344 1863 2390 ἔσω
1890 2348 2134 2402 γωνίαςα,
2165 2357 2336 2404 apparet
2365 2349 2491 2388 etiam
2513 2349 2555 2388 in
2576 2348 2710 2389 schol.

330 2419 461 2473 Vulg.
490 2421 542 2461 ad
571 2435 621 2472 χ,
653 2424 731 2461 130
768 2420 902 2462 verbis
932 2419 976 2461 ἐν
1003 2420 1056 2477 τῇ
1085 2419 1215 2476 δεξιᾷ
1238 2415 1375 2477 γωνίᾳ
1403 2418 1495 2462 oeci
1523 2410 1658 2471 μυχόν
1686 2418 1856 2462 indicari
1885 2434 2025 2476 posse.
2091 2420 2242 2473 Itaque
2282 2420 2314 2459 si
2354 2428 2492 2459 vertas
2532 2420 2606 2459 „in
2637 2418 2710 2459 ad-

327 2505 453 2531 verso
492 2491 584 2533 oeci
621 2493 811 2546 pariete«
857 2491 931 2543 (cf.
961 2492 1049 2534 sch.
1083 2491 1214 2546 Vulg.
1246 2493 1298 2534 ad
1332 2494 1409 2534 126
1447 2491 1542 2532 coll.
1572 2490 1691 2531 Eust.
1726 2493 1850 2541 1921,
1879 2494 1934 2532 49
1978 2487 2022 2531 ἐν
2046 2491 2111 2543 τῷ
2151 2490 2230 2530 τοῦ
2258 2489 2383 2530 οἴκου
2412 2486 2548 2530 ἔναντι
2577 2487 2710 2543 τοίχῳ

327 2554 451 2616 θύρα
480 2553 545 2616 ἦν)
579 2569 649 2603 net
681 2562 850 2617 quidem
882 2563 921 2603 in
954 2562 1104 2605 dextra
1130 2563 1271 2615 μυχοῦ
1298 2570 1417 2620 parte
1444 2552 1494 2618 ἦν
1520 2557 1793 2617 ὀρσοθύραα,
1824 2561 2048 2603 scholiasta
2079 2561 2204 2617 plane
2234 2562 2379 2601 eodem
2402 2560 2442 2600 in
2464 2560 2559 2600 loco
2581 2560 2711 2601 voluit

327 2633 537 2674 collocare
568 2626 849 2688 ὀρσοθύραν,
877 2633 948 2675 nbi
978 2633 1069 2675 aliis
1099 2633 1151 2676 de
1179 2634 1316 2676 causis
1344 2649 1436 2677 eam
1466 2634 1599 2677 fuisse
1626 2633 1860 2676 statuimus.
1918 2632 2063 2675 Unum
2093 2639 2240 2688 posset
2270 2632 2424 2688 opponi
2455 2631 2558 2680 hoc,
2597 2631 2711 2686 quod

325 2703 501 2746 fortasse
543 2705 794 2746 sententiam
824 2704 937 2745 illam
967 2705 1031 2745 his
1062 2704 1200 2746 verbis
1228 2720 1467 2763 expressam
1498 2705 1644 2746 malles
1689 2702 1767 2761 »ἐν
1794 2704 1922 2762 δεξιᾷ
1943 2705 1997 2761 τῇ
2024 2702 2219 2760 γωνίᾳ“,
2261 2714 2302 2745 at
2347 2718 2484 2759 neque
2524 2701 2710 2745 invenire

326 2775 444 2831 potui
480 2773 582 2818 alios
625 2774 768 2825 locos,
815 2774 967 2832 quibus
1004 2786 1281 2832 praeceptum
1324 2777 1429 2819 illud
1460 2777 1511 2818 de
1543 2777 1719 2818 articulo
1749 2786 1845 2819 ante
1876 2776 2184 2818 substantivum
2216 2775 2463 2817 collocando
2492 2774 2532 2815 in
2561 2772 2711 2828 μέσος,

329 2841 532 2897 ἔσχατος,
564 2840 702 2901 ἄκρος
713 2880 724 2900 ,
767 2847 857 2888 aliis
902 2846 1120 2901 adjectivis
1160 2848 1389 2903 praedicati
1418 2849 1511 2890 loco
1541 2847 1741 2901 appositis
1776 2851 1833 2900 (v.
1861 2848 2028 2904 Kriiyer
2058 2846 2133 2888 Gr.
2167 2845 2360 2901 Sprachl.
2379 2845 2426 2902 f.
2458 2844 2549 2887 Βοὴ.
2578 2851 2611 2895 ,5
2638 2846 2711 2898 50,

333 2917 411 2970 11,
455 2917 508 2959 A.
538 2921 596 2968 5;
623 2918 846 2961 Bliumlein
876 2935 944 2974 qr.
975 2917 1163 2974 Schulyr.
1205 2925 1238 2968 ,ς
1264 2919 1377 2969 341,
1420 2936 1461 2961 a.
1497 2920 1542 2969 13
1574 2917 1719 2960 Matth.
1748 2926 1781 2969 ,ς’
1808 2920 1922 2973 277)
1966 2920 2089 2960 etiam
2130 2919 2168 2958 in
2213 2916 2420 2972 adjectiva
2461 2910 2711 2971 α’ρίστερος,

329 2984 476 3040 δεξιός
516 2988 665 3030 cadere
696 2990 916 3040 videretur,
947 3005 1088 3046 neque
1119 2989 1310 3046 profecto
1340 2989 1553 3034 Eustathii
1584 2989 1709 3032 verba
1740 2991 1790 3032 de
1820 2992 1965 3033 eadem
1996 3004 2040 3033 re
2070 2989 2222 3032 tradita
2251 3006 2292 3046 p.
2328 2992 2451 3038 1921,
2485 2992 2534 3030 18
2574 2986 2714 3037 »τέως

325 3058 473 3111 μέντοι
501 3058 576 3116 τῆν
600 3055 823 3117 Ὁμηρικήν
848 3054 1009 3118 ταύτην
1037 3054 1352 3118 (ὀρσοθύραν)
1383 3053 1672 3113 στοχάζονταί
1698 3076 1811 3111 τινες
1855 3059 1910 3104 ἐν
1943 3059 2117 3115 γωνίᾳ
2158 3059 2217 3102 ἐκ
2263 3059 2464 3112 δεξιῶν
2502 3052 2611 3100 εἶναι
2648 3059 2714 3115 τῷ

325 3130 522 3172 Ὀδυσσεῖ
557 3129 770 3186 ἱσταμένῳ
811 3132 887 3175 ἐπὶ
925 3133 1004 3190 τῆς
1043 3131 1178 3190 φλιᾶς
1215 3131 1291 3175 καὶ
1326 3126 1570 3186 τοξεύοντι,
1607 3123 1740 3174 οὖσαν
1775 3128 1819 3176 ε”ν
1855 3147 1939 3175 τινι
1977 3123 2234 3188 διαχώρῳ
2274 3131 2320 3188 (ἰ.
2351 3146 2387 3172 e.
2419 3130 2641 3173 interstitio
2672 3147 2711 3174 v,

328 3200 447 3244 Suid.
475 3201 516 3243 in
547 3218 583 3243 v.
614 3196 879 3259 διαχώρους)
917 3205 1017 3245 τοῦ
1049 3203 1246 3257 τοίχου
1285 3196 1630 3258 στενωτοὶτῳ
1671 3202 2005 3261 interpretationi
2035 3218 2059 3245 a
2088 3219 2154 3245 me
2184 3200 2426 3259 propositae
2456 3211 2709 3258 repugnant.

326 3271 534 3315 Proximis
564 3283 702 3317 autem
733 3276 945 3318 Eustathii
976 3277 1112 3318 verbis
1142 3275 1176 3317 si
1207 3276 1302 3331 quis
1330 3276 1464 3332 ipsam
1494 3269 1776 3333 κρεμάθραν,
1807 3283 2014 3331 cryptam,
2043 3269 2263 3330 μεσόδμην
2292 3272 2566 3327 significatam
2598 3274 2710 3323 velit,

328 3359 455 3400 quam
478 3361 604 3401 supra
627 3362 663 3401 p.
682 3350 747 3397 53,
770 3364 806 3390 v.
823 3350 867 3399 9;
888 3363 927 3405 p.
944 3352 1009 3399 38,
1031 3352 1085 3389 20
1104 3347 1263 3389 στενῶν
1281 3339 1437 3402 τόπων,
1468 3347 1707 3399 στενωποῦ,
1738 3348 1896 3390 στενῶν
1920 3342 2039 3389 ὁδῶν
2068 3345 2308 3389 nominibus
2337 3345 2589 3400 appellatam
2619 3359 2712 3387 esse
