2955 3681
47 801 118 842 (De
147 797 310 851 ὄρσοθιῐ-

1499 82 1567 131 54

337 213 595 277 ζεύγματος.
651 223 871 275 'Accedit,
891 232 892 235 ’
914 225 1028 280 quod
1071 225 1198 268 etiam
1240 224 1283 268 in
1320 225 1577 270 Germanica
1617 227 1762 282 lingua
1806 243 1890 271 vox
1930 229 2133 288 ‚moyen
2176 244 2262 287 qua
2299 229 2427 273 hodie
2450 230 2564 274 solas
2592 230 2727 274 scalas

337 293 650 350 significamus,
687 295 862 352 antiquo
886 303 1077 352 tempore
1115 296 1195 354 (gl.
1223 296 1502 342 Monseenses
1538 301 1633 342 328.
1663 301 1757 342 329.
1786 300 1888 355 340)
1914 308 1957 344 et
1985 300 2037 345 de
2066 301 2267 345 cancellis
2295 302 2440 345 »bium
2468 301 2537 345 vel
2566 302 2728 361 m'equm

338 365 583 411 cancellosa
627 375 669 410 et
711 366 763 409 de
807 366 929 411 scalis
972 368 1160 427 »diequn
1203 372 1450 427 qiuuntemn
1486 370 1714 415 cochleas-
1761 393 1806 402 -—
1852 370 1880 413 i.
1924 386 1964 414 e.
2006 370 2222 426 κλίμακας
2257 366 2432 424 ἑλικτός
2470 399 2515 406 -
2561 373 2726 417 dieitur.

337 436 589 495 Cognata
630 444 775 481 autem
811 454 896 481 vox
934 443 1044 498 stiga
1081 439 1233 496 (hodie
1273 439 1410 499 stay,
1458 440 1597 500 Steiye
1633 440 1685 485 cf.
1720 440 1774 484 de
1802 441 2028 499 utriusque
2066 444 2181 487 vocis
2221 444 2385 501 origine
2424 460 2476 488 ex
2514 444 2727 488 duobus

338 509 476 552 verbis
519 509 709 566 ejusdem
751 508 895 566 stirpis
940 510 1068 553 ducta
1110 511 1289 554 Grimm.
1331 513 1370 554 d.
1401 513 1477 555 Gr.
1506 511 1587 564 II,
1608 529 1652 570 p.
1682 512 1792 568 989)
1835 519 1881 556 et
1921 514 2133 558 cancellos
2169 521 2212 557 et
2249 515 2464 558 cochleam
2505 522 2551 559 et
2589 514 2727 559 levius

336 580 620 624 aedificiorum
649 594 786 637 genus
814 580 1055 638 sepimentis
1074 582 1299 632 inclusum,
1329 589 1378 624 ut
1405 582 1544 633 ovilia,
1575 583 1701 626 haras
1731 582 1879 626 similia
1906 583 2127 641 significat,
2154 599 2192 627 v.
2214 584 2346 629 Graff.
2366 586 2474 630 Aha.
2489 587 2727 643 §branbach-

348 650 425 702 VI,
461 650 552 694 624
600 651 696 695 coll.
733 654 794 695 W
835 650 1136 711 Wackernaqel
1174 653 1214 696 d.
1243 653 1386 697 Leseb.
1411 670 1457 711 p.
1492 655 1581 697 778
1628 659 1724 699 »εἰη
1762 657 2002 699 τιιΙιίηιιιοίσ
2044 657 2087 700 ὃὸ
2122 659 2211 701 dem
2247 659 2343 702 Birt.
2381 658 2456 701 dtu
2497 658 2564 702 hel
2602 658 2735 715 mels

334 722 486 766 klebn'u
513 722 721 766 verchelm
748 725 854 782 liqen
883 727 922 766 in
952 724 1067 766 einer
1082 727 1265 781 stiqenoe.

472 793 542 837 De
578 786 809 851 ὀρσοθυρᾳ
844 794 878 836 si
908 794 1106 850 judicare
1132 796 1348 846 volemus,
1384 803 1480 838 ante
1522 797 1664 839 omnia
1693 797 2002 840 decernendum
2033 798 2134 848 erit,
2174 812 2299 855 quam
2340 798 2577 855 inquirendi
2619 800 2726 843 viam

334 865 633 922 ingrediamur.
691 864 824 916 Sunt,
861 866 934 922 qui
976 873 1129 922 putent
1171 881 1287 909 »una
1314 867 1356 909 in
1387 867 1523 911 sobria
1551 868 1809 926 etymologia
1839 868 2013 911 salutem
2042 882 2168 912 esse«
2199 885 2239 912 v.
2267 870 2405 914 Lexic.
2437 870 2626 929 Euripid.
2658 871 2725 915 ed.

336 937 543 981 Matthiae
580 952 621 993 p.
654 941 733 980 184
767 938 811 979 in
840 953 881 980 v.
917 930 1184 993 οἷμφίπυλος.
1240 938 1322 981 Sed
1362 938 1475 982 aliud
1504 946 1569 982 est
1597 942 1783 982 nativam
1814 940 1931 982 vocis
1960 941 2043 981 vim
2075 941 2281 993 enodare,
2320 942 2450 992 aliud,
2494 942 2631 998 qualis
2657 957 2725 986 res

335 1008 504 1052 nomine
541 1008 653 1051 illius
689 1008 872 1051 notionis
915 1009 1197 1065 significetur,
1235 1009 1476 1066 explanare.
1533 1010 1709 1068 Itaque,
1746 1026 1800 1054 ne
1829 1011 2128 1069 etymologiam
2158 1013 2396 1068 neglexisse
2424 1013 2587 1065 videar,
2625 1013 2726 1058 mihi

335 1080 435 1124 satis
480 1089 563 1131 est,
603 1082 802 1124 rariorem
848 1081 1038 1123 vocalem
1069 1080 1351 1136 copulativam
1381 1086 1419 1124 ἴ
1437 1089 1479 1124 et
1508 1083 1711 1139 originem
1743 1084 1894 1140 prioris
1922 1085 2050 1140 partis
2079 1084 2132 1126 ab
2162 1078 2320 1141 ὄρνυμι
2348 1085 2501 1127 ductae
2529 1086 2724 1144 exemplo

335 1151 561 1196 Pindarico
587 1144 874 1209 ὅρσοτρίαινα
903 1152 992 1208 (Ol.
1021 1157 1060 1204 8,
1090 1155 1166 1204 643
1192 1152 1320 1209 Pyth.
1351 1156 1389 1203 2,
1424 1157 1473 1196 12
1501 1154 1623 1211 (23),
1653 1155 1777 1198 Nem.
1806 1161 1847 1207 4,
1876 1160 1928 1199 86
1958 1157 2095 1210 (140))
2125 1156 2432 1214 comprobasse.
2490 1158 2556 1201 De
2583 1157 2726 1202 nativa

334 1226 448 1267 vocis
479 1226 521 1278 vi
553 1226 740 1267 concedo
770 1225 964 1280 quidem,
997 1224 1236 1282 exspectari
1265 1240 1318 1267 ex
1347 1225 1512 1281 vulgari
1541 1226 1738 1268 similium
1769 1228 2099 1286 compositorum
2129 1228 2312 1279 ratione,
2354 1236 2402 1270 ut
2430 1222 2724 1285 denominant,

333 1288 637 1355 πρεψόδικος,
668 1296 735 1347 al.‚
763 1290 1025 1354 ὀρσοθὺραν
1052 1311 1146 1339 esse
1176 1311 1268 1339 eam
1297 1310 1400 1348 rem,
1432 1311 1542 1354 quae
1562 1297 1738 1353 januam
1768 1299 1934 1350 allevet,
1963 1305 2148 1350 moveat,
2177 1298 2203 1341 i.
2224 1314 2262 1343 e.
2286 1300 2511 1350 cardinem,
2542 1301 2596 1343 cf.
2617 1301 2721 1345 Hes.

332 1360 574 1425 Εἷρεθύρη.
605 1361 919 1423 ὅρσοθὺρα.
949 1363 974 1409 ὁ
1001 1362 1231 1424 στροφεὺς,
1262 1368 1337 1410 sed
1366 1383 1499 1425 quum
1529 1370 1655 1411 etiam
1685 1368 1788 1412 alias
1816 1369 1930 1425 prior
1956 1385 2054 1427 pars
2083 1370 2306 1427 compositi
2335 1370 2388 1413 ad
2417 1372 2624 1428 passivam
2654 1373 2722 1415 vel

332 1441 509 1483 mediam
540 1439 655 1480 verbi
685 1438 1033 1493 significationem
1061 1439 1281 1493 referatur,
1311 1447 1361 1480 ut
1388 1440 1431 1480 in
1459 1438 1612 1492 ἐχίδνα
1638 1437 1975 1498 μιξοπάρθενος
1998 1440 2156 1483 Herod.
2175 1444 2219 1491 4,
2239 1442 2265 1483 9
2285 1441 2352 1484 vel
2371 1442 2413 1484 in
2431 1434 2722 1497 μισγάγκειον.

331 1509 433 1567 [scr.
468 1506 728 1563 μισγάγκεια
760 1509 826 1551 vel
849 1509 952 1567 -αν]
980 1505 1119 1559 τόπος
1155 1508 1321 1561 κοῖλος,
1358 1502 1476 1552 ὅπου
1503 1509 1814 1567 συμμίγνυνται
1840 1504 1982 1553 ὕδατα
2009 1502 2154 1554 πολλά
2180 1509 2285 1554 Hes.
2316 1511 2359 1554 in
2388 1526 2442 1563 v.,
2473 1526 2556 1555 non
2588 1511 2722 1564 vide0,

331 1597 408 1626 cur
434 1597 521 1624 non
552 1583 743 1624 dicamus
770 1582 985 1623 veteribus
1005 1583 1290 1637 grammaticis
1317 1583 1633 1639 praeeuntibus,
1664 1575 1922 1640 ὀρσοθύραν
1948 1595 2041 1625 esse
2062 1596 2187 1638 posse
2216 1581 2560 1641 »Sprt‘riythic're«,
2592 1581 2650 1626 δι’
2671 1574 2723 1641 ἧς

330 1650 424 1698 ἔστι
452 1652 772 1706 καταβαίνοντα
800 1647 1007 1708 όροῦσαι,
1043 1646 1072 1695 ὅ
1099 1652 1191 1695 ἐστι
1219 1653 1438 1709 πηδῆσαι,
1476 1647 1502 1709 ἢ
1527 1646 1702 1696 ἀνιόντα
1729 1653 1941 1709 πηδῆσαι,
1980 1650 2074 1694 διά
2100 1647 2160 1694 τό
2184 1649 2255 1708 μὴ
2284 1649 2432 1705 ἔχειν
2456 1649 2723 1707 βαθμούς

331 1726 449 1784 Apio
489 1725 603 1782 apud
641 1725 786 1782 Apoll.
817 1724 945 1781 Soph.
989 1739 1031 1781 p.
1071 1726 1149 1766 122
1194 1724 1259 1766 ed.
1295 1725 1452 1776 Bekk„
1491 1724 1586 1768 coll.
1628 1724 1760 1767 schol.
1802 1723 1933 1779 vulg.
1970 1723 2035 1766 ad.
2066 1723 2150 1766 od.
2178 1738 2226 1775 χ,
2265 1727 2342 1767 126
2382 1731 2426 1767 et
2453 1724 2558 1766 Hes.
2596 1726 2638 1767 in
2678 1740 2718 1766 v,

331 1801 579 1855 Antequam
621 1810 722 1839 vero
765 1795 807 1838 in
847 1795 980 1851 ipsam
1021 1786 1277 1853 ὀρσοθιῗρας
1319 1802 1517 1838 naturam
1558 1796 1768 1851 inquiras,
1807 1801 1905 1838 ante
1946 1795 2086 1837 omnia
2130 1794 2212 1838 hoc
2252 1794 2589 1838 confirmandum
2629 1797 2719 1847 erit,

330 1868 554 1913 Eustathio
584 1867 664 1911 hac
694 1867 736 1910 in
767 1882 814 1911 re
832 1866 960 1910 fidem
989 1880 1082 1910 esse
1104 1867 1343 1911 habendam
1371 1867 1530 1911 nullam
1560 1872 1604 1911 et
1623 1867 1695 1921 eis,
1726 1882 1834 1922 quae
1853 1865 2087 1917 tradiderit,
2117 1865 2176 1909 ita
2195 1874 2360 1909 tantum
2387 1882 2477 1910 esse
2497 1868 2716 1919 utendum,

330 1948 381 1985 ut
408 1940 540 1985 verba
569 1954 620 1983 ex
652 1938 955 1996 antiquioribus
982 1938 1152 1982 scholiis
1182 1946 1381 1996 excerpta
1410 1938 1611 1982 adhibeas
1641 1939 1695 1981 ad
1722 1954 1791 1992 ea,
1830 1953 1936 1995 quae
1965 1937 2134 1981 aliunde
2158 1938 2248 1993 jam
2278 1946 2496 1988 constent,
2524 1954 2717 1994 compro·

331 2013 492 2064 banda,
536 2011 804 2067 conjecturas
835 2010 925 2067 ejus
953 2025 1054 2054 vero
1085 2011 1138 2054 de
1167 2024 1247 2055 suo
1276 2010 1439 2054 additas
1469 2010 1594 2067 plane
1624 2025 1809 2066 spernas.
1866 2008 1991 2062 Quae
2020 2024 2074 2052 ne
2105 2008 2272 2060 durius,
2310 2024 2436 2065 quam
2465 2011 2736 2066 prudentius.

323 2085 537 2142 judicasse
577 2084 742 2134 videar,
777 2083 930 2126 afferre
964 2081 1092 2126 liceat
1130 2083 1385 2140 primum,
1424 2081 1542 2138 quod
1580 2081 1652 2139 qui
1694 2079 1769 2124 sibi
1805 2080 1880 2139 ipsi
1918 2096 2002 2124 non
2043 2079 2244 2125 satisfecit
2281 2080 2323 2123 in
2353 2081 2431 2124 hoo
2460 2073 2720 2139 ὀρσοθύρας

329 2157 422 2198 loco
452 2156 720 2213 explicando,
749 2155 929 2196 idoneus
956 2168 1041 2196 non
1071 2160 1149 2204 est,
1181 2154 1253 2210 qui
1281 2153 1384 2196 alios
1413 2153 1580 2196 doceat.
1637 2151 1687 2194 Ρ.
1719 2154 1837 2204 1921,
1866 2154 1915 2196 51
1951 2145 2135 2196 »Ἰστέον
2162 2149 2253 2203 de«,
2283 2151 2432 2208 inquit,
2464 2145 2556 2208 »ὅτι
2585 2149 2720 2204 ἔθους

328 2222 447 2275 ὄντος
471 2218 640 2282 Ὁμήρῳ
680 2222 791 2266 κατά
819 2222 948 2267 ποσα’
971 2239 1070 2267 τινα
1107 2218 1383 2281 διαστήματα
1424 2220 1830 2282 στρυφνότερον
1866 2219 2053 2281 γράφειν
2087 2222 2161 2266 καὶ
2199 2219 2396 2279 συνάγειν
2422 2223 2496 2267 καὶ
2524 2217 2640 2268 οὕτω
2668 2221 2718 2279 ἐξ

333 2290 587 2355 ὑπτιότητος
621 2294 692 2340 τὸν
719 2290 935 2354 α’κροατῆν
962 2295 1029 2347 εἷς
1055 2290 1329 2355 ἐγρήγορσιν,
1359 2285 1565 2339 τοιοῦτον
1592 2293 1687 2338 ἐστὶ
1715 2294 1786 2338 καὶ
1812 2293 1862 2339 τὰ
1889 2293 2001 2338 κατὰ
2029 2292 2105 2355 τῆν
2130 2288 2395 2353 ὀρσοθύρην.
2424 2320 2477 2327 -—
2505 2320 2560 2327 —
2589 2290 2720 2353 α’ρκεῖ

330 2371 381 2413 δὲ
408 2364 530 2423 ὅμως
557 2370 630 2412 καὶ
658 2365 714 2412 τά
741 2369 934 2427 ῥηθέιτα
963 2370 1248 2426 παραστῆσαι
1276 2365 1350 2423 τήν
1374 2370 1454 2410 τοῦ
1482 2366 1663 2424 χωρίου,
1722 2363 1795 2407 »αὖ
1811 2381 1835 2417 ς
1888 2367 1916 2409 δ
1934 2381 1960 2409 υ
1978 2381 2001 2407 ν
2019 2381 2092 2409 ατ
2110 2365 2135 2409 ὁ
2152 2380 2223 2418 να,
2279 2364 2453 2411 ἔννοιαν.
2511 2367 2716 2412 Deinde

329 2459 393 2494 ea,
424 2460 533 2500 quae
562 2444 687 2487 tradit
716 2443 984 2493 Eustathius‚
1013 2443 1175 2484 incerta
1204 2449 1247 2483 et
1277 2442 1354 2482 sibi
1382 2440 1594 2483 contraria
1622 2447 1732 2480 sunt.
1787 2440 1981 2482 Eandem
2010 2440 2118 2481 enim
2148 2432 2427 2495 ὀρσοθύραν,
2459 2453 2584 2495 quam
2615 2438 2716 2482 dicit

333 2518 454 2564 1921,
487 2518 536 2557 15
566 2510 713 2571 θύραν
737 2512 833 2557 τινὰ
864 2511 1079 2569 ἐπίσημον
1107 2509 1387 2571 ὑψηλοτέραν
1413 2504 1660 2567 πρόςβασιν
1679 2506 1869 2563 ἔχουσαν,
1898 2507 1964 2560 εἷς
1990 2502 2038 2566 ἢν
2068 2504 2153 2564 οιῖχ
2178 2503 2318 2553 οἷόντε
2336 2502 2385 2567 ἦν
2402 2506 2606 2554 α’νελθεῖν
2622 2526 2717 2554 τινα

326 2582 387 2644 μή
414 2582 491 2630 dmi
519 2585 733 2640 κλίμακος
760 2585 865 2628 ‘low
869 2601 900 2666 9
919 2580 945 2642 ἢ
964 2579 1110 2635 ἄλλως
1128 2599 1226 2633 πως
1244 2577 1547 2640 οἷνορούσαντα
1564 2581 1638 2625 καὶ
1668 2575 1944 2638 οἷναθορόντα
1963 2579 2028 2631 εἰς
2046 2575 2195 2638 αὐτήν,
2224 2581 2399 2625 eandem
2419 2597 2456 2623 v.
2485 2584 2531 2625 17
2553 2592 2713 2626 catara-

328 2667 438 2703 ctam
459 2659 647 2702 nominat
677 2657 773 2715 »εἴη
802 2657 841 2700 δ’
861 2651 913 2699 ἂν
931 2649 1052 2713 αὕτη,
1083 2652 1220 2698 ὁποία
1238 2651 1263 2710 ἡ
1281 2651 1650 2713 καταρῥιίσσουσα
1668 2645 1927 2708 κλιμάκων’
1905 2647 2009 2705 αἰω,
2040 2652 2113 2697 καὶ
2136 2653 2195 2696 δι’
2214 2645 2318 2696 αὐτὸ
2336 2651 2541 2710 λεγομένη
2559 2653 2717 2704 κοινῶς

326 2724 613 2814 καταράκτης,
644 2755 696 2762 —-
728 2746 764 2771 v.
790 2733 842 2771 22
871 2729 1097 2772 fenestram
1125 2727 1288 2771 foribus
1317 2728 1502 2770 clausam
1529 2740 1605 2783 την
1630 2718 1879 2783 ὀρσοθύρην
1902 2720 1990 2781 τῆν,
2018 2739 2082 2775 ως
2109 2719 2236 2774 εἰκός,
2264 2720 2541 2782 φωταγωγὸν,
2569 2719 2715 2775 ἄλλως

324 2818 411 2860 γαρ
440 2796 517 2845 οὐκ
547 2796 600 2844 ἂν
626 2793 903 2859 προκύπτειν
929 2793 1141 2858 κρίσιμος
1169 2795 1194 2854 ἦ
1221 2794 1472 2856 ὀρσοθύρη,
1502 2790 1550 2855 ἣν
1578 2794 1643 2848 ὠς
1669 2793 1818 2853 θύραν
1845 2795 2021 2846 σανίδες
2047 2790 2162 2849 εἶχον
2187 2787 2237 2839 εὖ
2265 2790 2487 2853 οἷραρυῒαι,
2512 2795 2613 2839 ἐπεὶ
2642 2799 2714 2839 καὶ

325 2874 469 2918 πᾶσαι
497 2866 640 2931 θύραι
676 2866 940 2916 ὠσεπιπολυ
967 2869 1144 2923 σανίδες
1170 2862 1222 2914 εὖ
1249 2863 1463 2928 ἀραρυῖαι
1491 2869 1700 2927 λέγονται.
1756 2868 2044 2914 Postremo
2076 2866 2386 2911 Eustathium'
2375 2868 2504 2926 ipsius
2532 2867 2713 2912 Homeri

327 2947 457 2991 verba
490 2946 597 2990 falso
635 2944 893 2988 intellexisse
932 2943 1216 2987 demonstrari
1256 2950 1409 3000 potest.
1472 2942 1600 2996 Quod
1631 2941 1742 2985 enim
1771 2940 1868 2985 dicit
1900 2931 2201 2991 »Μελάνθιος
2227 2966 2279 2974 -—
2307 2955 2357 2984 ου
2386 2937 2548 2984 δυνατοὶ
2573 2940 2715 2984 ταῦτα

326 3013 441 3062 εἶναι
469 3017 579 3077 φησὶ
609 3012 685 3060 διὰ
713 3041 765 3049 —-
793 3010 847 3060 τό
875 3010 1032 3073 ἐγγυς
1067 3016 1164 3072 τῆς
1193 3007 1519 3072 ὀρσοθύρης
1550 3008 1644 3064 τοῖς
1670 3014 1764 3069 τῆς
1791 3007 1957 3069 αόλῆς
1984 3006 2097 3056 εἶναι
2121 3004 2317 3068 θύρας,
2354 3012 2397 3055 id
2426 3012 2561 3055 multo
2591 3012 2713 3057 aliter

327 3090 471 3134 babet.
529 3089 677 3142 Quum
707 3096 916 3132 crateram
947 3088 1138 3144 proxime
1164 3078 1305 3140 μυχόν
1331 3086 1373 3128 in
1401 3086 1600 3131 interiore
1630 3085 1720 3129 oeci
1748 3091 1867 3141 parte
1896 3083 2023 3127 fuisse
2054 3090 2243 3135 constet,
2277 3099 2317 3126 ν.
2346 3098 2474 3140 supra
2502 3082 2558 3134 ΙΙ,
2587 3098 2630 3140 p.
2658 3088 2711 3126 22

326 3177 441 3220 sqq„
484 3176 607 3205 nemo
642 3168 786 3203 autem
816 3159 976 3216 opinari
1003 3160 1157 3217 possit,
1193 3157 1441 3208 Phemium,
1480 3158 1553 3216 qui
1590 3159 1672 3207 22,
1712 3158 1791 3199 333
1821 3150 1923 3212 ἄγχι
1950 3155 2057 3213 παρ’
2085 3149 2342 3214 ὀρσοθύρην
2368 3149 2477 3204 στάς
2501 3162 2544 3197 et
2571 3170 2712 3210 genua

327 3233 447 3277 Ulixi
475 3233 652 3291 supplex
696 3231 1016 3288 amplexaturus
1054 3232 1113 3285 (v.
1142 3230 1245 3285 340)
1283 3223 1501 3287 φόρμιγγα
1537 3224 1760 3287 γλαφυρὴν
1797 3226 2012 3285 κατέθηκε
2039 3226 2212 3282 χαμᾶζε
2240 3222 2480 3283 Μεσσηγῠς
2504 3227 2714 3284 κρητῆρος

327 3303 397 3348 ἰδὲ
426 3296 591 3362 θρόνου
620 3296 904 3360 ἄργυροὴλου,
931 3302 985 3345 ad
1014 3302 1095 3344 hoo
1122 3302 1284 3358 ipsum,
1330 3307 1377 3342 ut
1404 3300 1539 3356 lyram
1568 3299 1814 3357 deponeret,
1843 3307 1982 3343 totum
2011 3314 2163 3342 oenum
2192 3298 2245 3341 ab
2274 3297 2395 3341 aulae
2423 3297 2548 3352 janua
2577 3312 2712 3354 usque
