2955 3681
1433 64 1492 114 31

280 218 387 276 περὶ
423 212 526 265 τοῦς
557 213 731 267 τοίχους
768 205 872 268 ἦσαν
907 208 1203 271 (διαστήματα
1239 212 1291 255 ad
1318 214 1394 267 3.).
1451 211 1506 267 2.)
1534 210 1573 253 d.
1603 233 1658 242 —·
1686 209 1789 251 Hes.
1818 205 2321 265 Πεντηκσντομέσσδμσν·
2362 198 2653 262 πολύπεγσν·

281 288 331 333 αἱ
368 286 452 345 γάρ
487 278 751 337 Μεσόδμαι,
789 282 950 339 στέγαι.
1011 286 1068 339 2.)
1096 300 1133 327 e.
1162 309 1212 318 —
1239 276 1462 341 μεσόδμῃ,
1503 279 1530 340 ἡ
1567 280 1679 339 μέση
1721 279 1845 338 στέγη
1874 280 2013 322 Gloss.
2055 280 2231 337 Apionis
2272 280 2314 321 in
2347 280 2412 322 Et.
2443 280 2556 323 Gud.
2587 279 2654 324 ed.

283 361 422 410 Sturz,
452 375 493 415 p.
524 361 617 408 608,
649 374 687 398 v.
717 360 784 398 31.

418 450 478 499 3.)
508 445 707 500 Pergula.
766 443 903 486 Gloss.
925 444 1015 487 Lat.
1035 444 1111 487 Gr.
1142 445 1199 499 (v.
1220 442 1392 487 Robert.
1413 441 1562 500 Steph.
1582 440 1712 484 Thes.
1742 440 1840 497 ling.
1870 439 1956 490 lat„
1988 438 2111 481 Basil.
2144 440 2242 481 1741
2276 447 2376 482 tom.
2405 439 2473 482 111
2499 457 2539 498 p.
2559 441 2654 492 477,

284 519 363 561 col.
397 521 415 559 l
447 518 488 559 in
510 515 602 571 V.)=
632 514 856 571 „Pergnlffi
886 508 1117 571 Μεσόδμη,
1145 511 1375 572 Ὑπερῷσν,
1402 506 1585 571 Ὀρσφὴ,
1610 506 1766 554 Στενόν
1792 509 1995 566 σῖκημα.“
2044 509 2116 551 Ad
2144 510 2320 553 eandem
2350 511 2457 553 hanc
2487 513 2655 555 tertiam

281 587 622 644 significationem
662 586 870 641 pertinere
898 585 1112 642 intelliges
1141 578 1414 642 διαστήματα
1442 584 1513 626 illa
1540 583 1650 625 inter
1677 580 1793 639 tigna
1822 585 1968 638 (supra
1996 582 2036 623 in
2066 581 2123 634 2.)
2154 580 2233 635 b.),
2274 590 2490 637 praeterea
2516 574 2657 634 μεσό-

282 658 419 702 στυλα
446 656 702 705 Aristarchi,
747 671 877 711 quum
910 657 1115 712 Ducange
1146 657 1334 697 Glossar.
1365 654 1474 696 med.
1504 661 1546 696 et
1574 652 1701 694 infim.
1740 653 1893 695 Graec.
1921 667 1963 709 p.
1994 655 2075 693 914
2114 653 2155 693 in
2187 665 2226 692 v.
2262 644 2509 704 μεσόστυλα
2548 655 2657 697 hanc

283 729 675 785 interpretationem
714 726 881 781 adjiciat
911 729 1153 781 „Tabernae
1180 727 1225 768 iu
1253 725 1585 768 Intercolumniie
1614 731 1842 774 extructae,
1886 722 1928 764 in
1959 723 2126 764 Basilio.
2157 723 2226 765 lib.
2256 725 2336 773 56,
2364 725 2426 766 tit.
2459 727 2519 774 10,
2549 728 2575 779 ξ
2604 730 2656 776 4;

284 800 355 842 lib.
383 803 450 849 58,
479 799 540 840 tit.
569 801 628 847 11,
659 799 685 849 ξ
710 800 772 838 11.
852 797 1050 839 Tabulata
1079 797 1378 839 intercolumnia
1406 797 1499 849 (sic)
1527 795 1675 851 affixa,
1705 795 1747 836 in
1776 795 1804 835 l.
1833 797 1886 835 45
1917 794 2023 835 Cod.
2045 794 2207 836 Theod.
2239 795 2291 835 de
2311 795 2485 851 Operib.
2513 797 2656 852 publ.«

285 895 338 902 —
370 869 507 912 Etiam
539 867 641 910 illud
677 862 984 922 ὑπερκείμενον
1012 864 1161 922 στέγος
1188 866 1229 909 in
1258 868 1314 919 2.)
1344 882 1380 908 a.
1410 875 1453 908 et
1483 864 1531 908 αἱ
1560 863 1708 920 στέγαι
1735 865 1776 906 in
1806 865 1862 918 2.)
1891 865 1930 906 d.
1960 866 2042 906 huc
2072 866 2216 907 referri
2246 868 2421 922 possint,
2451 882 2580 922 quum
2607 862 2662 910 τὸ

287 938 433 995 στέγος
469 947 514 982 et
553 934 577 993 ἡ
605 937 728 993 στέγη
766 954 848 981 non
888 938 1011 981 modo
1041 936 1395 993 contignationem
1426 936 1652 993 quandam,
1682 935 1753 979 sed
1782 936 1907 978 etiam
1937 936 2237 978 habitationum
2265 952 2400 992 genus
2426 938 2660 994 significare

288 1012 432 1069 possit.
490 1010 684 1053 Praestat
712 1016 853 1053 tamen
882 1017 1064 1066 utroque
1095 1009 1187 1052 loco
1217 1008 1394 1065 priorem
1426 1007 1747 1065 contignationis
1774 1008 2161 1064 interpretationem
2189 1024 2365 1052 servare.

415 1085 473 1135 4.)
504 1082 768 1125 Obscoenam
800 1080 881 1123 vim
912 1082 1046 1124 inesse
1077 1089 1180 1138 puto
1206 1080 1248 1123 in
1278 1080 1442 1123 duabus
1470 1080 1622 1137 glossis
1651 1078 1858 1134 Hesychii
1883 1094 1892 1120 :
1923 1072 2169 1129 Μεσόδμα·
2201 1072 2353 1136 γυμνή,
2384 1096 2480 1123 nam
2510 1082 2570 1123 sic
2599 1081 2661 1125 bis

286 1155 329 1197 in
359 1154 503 1198 codice
532 1153 733 1210 scriptum
764 1162 840 1203 est,
869 1161 967 1196 ante
996 1162 1039 1195 et
1068 1161 1163 1208 post
1193 1149 1479 1208 „Meoo'duat,
1508 1166 1542 1193 κ.
1569 1177 1622 1184 -
1653 1142 1956 1206 διαστήματα(
1987 1152 2044 1206 (ν.
2067 1152 2217 1196 Schow
2246 1167 2288 1207 p.
2309 1153 2420 1206 531),
2452 1161 2494 1194 et
2513 1155 2660 1195 Μεσο-

288 1223 422 1277 δο’μα.
463 1220 575 1279 γυνή.
629 1216 849 1273 Λάκωνες.
909 1224 994 1265 Per
1030 1222 1345 1265 translationem
1387 1221 1495 1265 enim
1535 1213 1738 1276 μεσόδμα
1768 1229 1812 1265 et
1836 1215 2068 1275 μεσοδόμα
2096 1230 2286 1265 naturam
2319 1222 2501 1266 mulieris
2530 1222 2660 1280 signi-

288 1296 413 1339 ficare
443 1296 650 1344 videntur,
684 1311 722 1336 v.
752 1295 857 1336 infra
887 1294 1080 1353 κατῆλιψ
1108 1294 1161 1336 ad
1193 1296 1264 1350 4.).

425 1369 484 1419 5.)
515 1366 728 1424 Corrupta
757 1366 822 1406 vel
854 1365 1006 1407 dubiae
1036 1363 1350 1423 significationis
1378 1372 1476 1407 sunt
1505 1380 1515 1406 z
1544 1364 1752 1420 Hesychii
1779 1365 1934 1409 lemma
1966 1362 2250 1422 Καναφόρος,
2278 1358 2500 1421 μεσοδμή;
2530 1366 2586 1409 sic
2617 1367 2660 1410 in

290 1438 382 1480 cod.
429 1445 591 1489 exstat,
632 1453 669 1478 v.
702 1425 850 1479 schow
881 1452 921 1495 p.
951 1442 1045 1478 400.
1112 1437 1242 1479 Hunc
1284 1437 1425 1479 locum
1456 1436 1525 1479 diu
1556 1437 1645 1493 ipse
1675 1437 1928 1493 conjecturis
1958 1437 2131 1488 tentavi,
2161 1437 2232 1480 sed
2263 1451 2333 1479 eas
2362 1444 2496 1489 taceo,
2527 1453 2658 1494 quum

288 1510 388 1551 nihil
417 1509 666 1550 mutandum
695 1510 759 1549 sit.
818 1501 1081 1566 Καναφόρος
1107 1501 1315 1565 μεσόδμῃ,
1347 1521 1442 1550 nam
1472 1521 1637 1549 comma
1665 1508 1774 1551 inter
1801 1514 2026 1564 utramque
2059 1522 2207 1550 vocem
2238 1507 2462 1550 delendum
2492 1523 2658 1561 censeo,

289 1590 333 1623 et
351 1581 405 1623 ob
426 1581 581 1622 codicis
597 1581 820 1622 lectionem
836 1590 877 1621 et
892 1582 944 1622 ob
960 1581 1173 1622 literarum
1195 1580 1345 1622 seriem
1366 1580 1537 1621 retineri
1558 1580 1693 1622 debet.
1734 1580 1980 1634 Significare
1996 1580 2158 1621 videtur
2178 1588 2267 1621 aut
2289 1581 2424 1635 ipsum
2445 1576 2658 1636 ὑπερῷον,

290 1652 359 1694 cui
397 1667 609 1694 summum
644 1659 803 1693 tectum
845 1651 1084 1706 impositum
1114 1661 1177 1693 est
1205 1666 1229 1693 e
1256 1650 1399 1693 cannis
1429 1651 1691 1699 confectum,
1730 1667 1767 1692 v.
1809 1666 1937 1706 supra
1968 1651 2028 1699 (in
2058 1651 2184 1705 hujus
2212 1660 2434 1692 comment.
2465 1662 2572 1709 part.
2604 1654 2660 1705 11,

289 1739 329 1780 p.
365 1727 426 1773 10,
454 1723 561 1777 init.)
591 1731 633 1765 et
670 1722 724 1764 de
759 1713 960 1778 ὑπερῴου
989 1722 1158 1764 notione
1187 1737 1301 1764 nunc
1330 1721 1497 1777 quidem
1529 1737 1656 1776 supra
1686 1723 1756 1771 A,
1800 1722 1874 1776 3.),
1903 1732 1997 1763 aut
2029 1722 2189 1763 trabem
2219 1722 2330 1763 illam
2361 1732 2661 1774 transversam,

290 1794 359 1837 cui
411 1802 575 1837 storeae
617 1809 805 1837 canneae
841 1794 1059 1850 impositae
1090 1800 1145 1841 ‚et
1187 1799 1477 1849 praestructae
1519 1801 1638 1835 erant
1682 1808 1721 1835 ν.
1767 1792 2033 1835 Voemelium
2079 1794 2118 1834 in
2163 1805 2476 1849 programmate
2517 1811 2662 1851 gymn.

289 1864 483 1908 Francos.
522 1879 559 1906 a.
603 1868 708 1906 1849
752 1865 805 1906 ad
832 1864 954 1906 Dem.
984 1865 1035 1905 de
1070 1878 1154 1905 cor.
1181 1865 1208 1916 ξ
1240 1866 1315 1905 169
1354 1857 1434 1919 „wi
1457 1862 1591 1920 γέῤῥα
1617 1864 1684 1904 die
1712 1863 1859 1905 Buden
1888 1865 1983 1905 oder
2011 1863 2108 1904 doch
2139 1865 2224 1906 ihre
2252 1874 2349 1906 etzca
2377 1868 2464 1919 auf
2483 1865 2662 1924 Stanyen

289 1936 492 1979 ruloenden
521 1936 709 1978 Diicher“
748 1945 789 1978 et
818 1935 1005 1990 Hesych.
1043 1936 1084 1977 in
1120 1951 1156 1978 v,
1186 1938 1224 1978 Γ
1221 1934 1350 1993 έῤῥα·
1392 1933 1445 1977 τά
1485 1929 1576 1977 cino
1599 1927 1802 1986 καλάμων
1829 1929 1854 1989 ἢ
1880 1930 2099 1991 παπύρων
2127 1928 2398 1992 ἐργαστήρια.
2454 1938 2570 1980 Neve
2600 1940 2663 1980 of·

289 2007 431 2050 fendat
462 2016 511 2049 te
550 2007 726 2066 simplex
758 2007 880 2049 litera
907 2020 928 2046 ν
956 2007 995 2048 in
1024 1998 1132 2049 κάνα
1160 2021 1235 2062 pro
1265 2001 1393 2049 κάννα
1421 2005 1475 2048 cf.
1507 2006 1614 2048 lianc
1644 2021 1792 2047 vocem
1822 2006 1863 2048 in
1893 2005 2095 2063 Stephani
2125 2008 2324 2049 thesauro
2355 2009 2420 2049 ed.
2451 2010 2591 2051 Didot.
2622 2021 2663 2051 et

290 2077 497 2134 Hesychii
528 2078 711 2131 glossam
741 2070 975 2120 Καναδόκα
1003 2075 1125 2134 χείλη
1154 2078 1341 2131 (Alberti
1370 2074 1519 2133 χηλαί)
1549 2070 1710 2119 ὀϊστοῦ.
1740 2071 1959 2126 Λάκωνες.
1992 2102 2044 2108 —
2078 2078 2284 2132 Hesychii
2313 2082 2369 2121 Μ
2378 2073 2665 2124 εσολάνιον.

287 2140 578 2201 μεσσδόμιον,
616 2148 659 2190 ni
695 2148 842 2200 fallor,
888 2148 1153 2192 scribendum
1191 2157 1256 2192 est
1295 2141 1591 2200 Μεσσλάμισν.
1630 2144 1919 2201 μεσοδόμιον,
1963 2164 2094 2205 quum
2125 2141 2259 2203 λάμια
2289 2152 2347 2207 (v.
2375 2152 2484 2194 hanc
2516 2168 2665 2195 vocem

292 2221 361 2262 Et.
392 2220 453 2262 M.
484 2236 523 2276 p.
555 2223 660 2270 555,
688 2220 760 2275 53)
799 2221 870 2264 καὶ
911 2214 1226 2277 προςηγορικόν
1260 2219 1313 2263 sit
1347 2219 1420 2262 καὶ
1454 2217 1650 2276 σημαίνει
1677 2213 1733 2261 τά
1757 2212 1960 2273 χάσματα
1989 2220 2061 2275 (cf.
2093 2222 2285 2264 Crameri
2316 2223 2483 2265 Anecd.
2515 2225 2594 2267 vol.
2625 2229 2665 2275 2,

291 2307 332 2349 p.
363 2295 463 2342 239,
504 2296 552 2334 13
592 2291 680 2335 sive
709 2292 893 2336 Bekkeri
922 2309 962 2349 p.
995 2295 1096 2336 1395
1134 2299 1177 2336 et
1212 2280 1416 2348 Hesychii
1454 2292 1634 2347 glossam
1674 2284 1871 2345 Λάμβαι.
1913 2290 1969 2334 τά
2006 2285 2242 2345 χάσματα).
2313 2295 2487 2348 Cogites
2527 2297 2665 2350 igitur,

291 2364 466 2405 »hiatum
496 2364 670 2406 medium
699 2365 764 2406 vel
790 2379 1003 2406 cavernam
1030 2367 1072 2407 in
1101 2363 1275 2414 medios,
1304 2362 1392 2407 sive
1422 2362 1550 2406 mavis
1578 2363 1637 2406 ita
1668 2363 1876 2406 nominari
1906 2379 2119 2406 recessum
2147 2364 2264 2407 illum
2293 2365 2404 2409 inter
2434 2367 2663 2419 columnas,

289 2451 329 2477 v.
367 2451 495 2492 supra
524 2436 609 2490 3.),
646 2437 734 2478 sive
770 2430 991 2491 μεσόδμην
1028 2437 1170 2486 navis,
1213 2452 1336 2492 quam
1366 2435 1691 2478 Pseudolucian.
1723 2439 1873 2477 Amor.
1907 2452 1941 2475 c.
1973 2439 1997 2476 6
2025 2431 2327 2487 μεσόκοιλον
2356 2440 2537 2480 nominat
2568 2439 2665 2480 »τὸν

289 2504 411 2549 ἱστόν
436 2505 486 2550 ἐκ
513 2508 599 2549 τῶν
624 2506 963 2559 μεσοκοίλων
991 2502 1170 2563 ἄραντες
1196 2523 1234 2550 κ.
1263 2523 1300 2550 τ.
1329 2506 1398 2549 λ.“
1421 2532 1475 2538 --
1504 2506 1662 2549 Suidae
1691 2507 1816 2548 verba
1846 2499 2073 2563 Μεσόδμη.
2102 2506 2152 2550 ‘co‘
2181 2507 2313 2561 μέσον
2341 2525 2423 2550 non
2454 2517 2536 2550 tam
2568 2525 2663 2551 cor-

292 2585 439 2632 rupta,
471 2594 596 2633 quam
627 2579 748 2621 nimis
777 2580 937 2621 incerta
964 2587 1075 2629 sunt,
1105 2594 1237 2635 quare
1267 2577 1516 2633 Bernhardy
1545 2579 1673 2620 vertit
1706 2578 1943 2620 „Columna
1973 2581 2011 2620 in
2043 2580 2181 2622 medio
2211 2580 2387 2635 positau,
2419 2580 2531 2635 quod
2562 2596 2661 2622 num

289 2663 469 2704 usquam
496 2642 692 2706 μεσόδμη
730 2650 960 2706 significet,
1000 2650 1121 2693 valde
1150 2650 1306 2693 dubito.
1365 2649 1575 2706 Equidem
1605 2649 1744 2692 malim
1775 2650 2011 2705 intelligere
2041 2652 2217 2694 mediam
2247 2652 2355 2693 illam
2388 2653 2661 2704 cavationem,

290 2720 341 2761 de
372 2735 454 2774 qua
484 2735 610 2775 supra
639 2724 695 2774 3.)
727 2722 851 2764 verba
880 2722 971 2764 feci.

476 2797 539 2850 B·
584 2830 663 2837 —
704 2795 978 2857 ΑΝΤΠΡῘΣ
1006 2816 1056 2872 ⁶),
1086 2817 1195 2873 quod
1230 2816 1479 2858 vocabulum
1501 2815 1751 2858 Eustathius
1772 2816 1865 2858 loco
1897 2815 2035 2858 statim
2067 2815 2277 2857 afferendo
2309 2830 2412 2858 voce
2440 2812 2666 2874 μεσόδμης

289 2885 525 2939 explicavit,
556 2885 656 2927 alias
687 2887 855 2942 quidem
884 2889 996 2943 ligna
1026 2888 1093 2930 vel
1122 2887 1282 2944 lapides
1313 2901 1481 2930 sursum
1511 2888 1730 2929 tendentes
1759 2886 1978 2941 designare
2019 2887 2203 2936 videtur,
2250 2886 2303 2929 cf.
2335 2889 2546 2930 anteridas
2577 2891 2663 2931 sive

424 3119 452 3160 ὃ)
475 3121 702 3152 Penultimam
730 3122 829 3162 hujus
855 3126 952 3156 vocis
977 3128 1091 3164 recte,
1117 3124 1255 3164 opinor,
1280 3124 1481 3166 Bernhardy
1505 3124 1615 3163 (Suid.
1640 3124 1674 3155 in
1702 3125 1746 3163 v.)
1771 3122 2017 3161 circumduxit,
2046 3132 2150 3163 quum
2176 3130 2210 3154 et
2234 3125 2359 3164 passim
2386 3124 2482 3156 litera
2509 3129 2536 3174 ἢ
2562 3124 2662 3165 hujus

288 3176 379 3206 vocis
403 3182 545 3207 accentu
569 3182 685 3209 notata
710 3178 817 3210 fuisse
841 3180 993 3211 tradatur
1014 3181 1083 3221 (Et.
1107 3180 1154 3211 Μ.
1180 3190 1211 3221 p.
1241 3182 1315 3220 112,
1342 3182 1400 3220 253
1431 3180 1484 3214 Et.
1508 3179 1597 3213 Gud.
1622 3181 1676 3219 59,
1701 3181 1732 3211 3.
1757 3180 1833 3217 371,
1858 3180 1921 3216 45;
1947 3179 2103 3210 Eustath.
2127 3179 2148 3210 l.
2173 3190 2276 3219 supra
2302 3182 2488 3221 exscripto,
2515 3182 2587 3212 Hos
2629 3186 2660 3213 in

287 3240 318 3262 v.
342 3226 519 3279 (imjpaeasg
542 3233 574 3263 in
607 3234 790 3276 primisque
815 3235 869 3267 Et.
893 3236 942 3268 M.
967 3247 998 3278 p.
1027 3238 1109 3277 184,
1138 3236 1210 3279 11),
1234 3243 1268 3269 ct
1293 3236 1329 3272 Τ
1354 3237 1483 3269 literam
1507 3243 1596 3268 certe
1621 3237 1655 3268 in
1681 3245 1779 3267 versu
1804 3234 1987 3275 Euripideo
2011 3236 2079 3275 (Et.
2115 3236 2159 3267 M.
2187 3240 2269 3274 112,
2303 3240 2360 3278 27)
2393 3238 2524 3269 brevem
2557 3238 2663 3270 fuisse

288 3293 428 3318 constet.
471 3287 584 3319 Hodie
607 3290 640 3320 iu
660 3290 777 3323 lexicis
803 3292 908 3332 vulgo
934 3293 1051 3324 ultima
1075 3293 1170 3324 vocis
1193 3293 1326 3335 syllaba
1351 3297 1450 3324 acuta
1473 3293 1650 3332 excitatur,
1675 3292 1764 3333 qnod
1788 3291 1862 3322 sola
1887 3293 2088 3324 auctoritate
2112 3292 2307 3335 Etymologi
2331 3292 2376 3334 (p.
2407 3297 2483 3333 112,
2509 3296 2552 3327 23
2574 3304 2667 3337 sqq.)

2072 3350 2133 3387 l*
