2955 3681
1392 100 1458 147 47

237 251 376 293 veniat
403 252 444 291 in
472 249 676 291 Italorum
707 247 859 303 ,bale-0,
887 245 1103 297 ὄπωπ’,
1127 261 1225 288 nam
1254 255 1322 289 est
1350 248 1508 302 „balco,
1536 261 1586 286 m.
1618 246 1684 288 ein
1711 244 1834 287 ΙιοΙιεν
1859 245 2009 300 offener
2038 244 2158 286 Plau
2185 269 2237 275 —
2269 243 2435 298 Babae,
2479 244 2619 287 Erka-

236 345 291 354 —-·
320 318 582 369 Stockwerk;
624 318 799 375 balc6ne,
828 333 879 359 m.
908 317 975 359 ein
1003 316 1176 361 Fen-ster
1204 342 1258 350 —
1286 315 1495 359 Balkon.“
1510 315 1548 372 ⁹)

367 388 536 446 Ῥωγοῖν
572 403 723 432 nomen
760 387 795 431 si
831 388 1045 447 explicare
1080 389 1221 441 voles,
1264 403 1350 431 non
1378 403 1432 431 ex
1460 397 1651 432 veterum
1679 385 2072 445 interpretationum
2099 385 2261 443 inopia,
2306 385 2380 429 sed
2409 401 2461 430 ex
2491 386 2617 430 nimia
2641 391 2740 440 (Περὶ
2764 385 2908 440 §0752ss

235 464 356 520 copia
396 461 613 505 laborabis.
670 459 780 503 Sunt
820 461 932 503 enim
975 475 1048 504 sex
1091 469 1304 519 septemve
1345 458 1453 502 inter
1497 474 1542 503 se
1582 458 1773 502 diversae
1812 459 2058 515 opiniones,
2105 474 2211 516 quas
2253 458 2519 514 grammatici
2564 459 2616 502 ad

236 533 416 578 Homeri
461 531 589 575 verba
629 524 712 574 dvo?
734 531 894 589 ’ῥῶγας
933 528 1147 590 μεγάροιο
1185 531 1269 574 Od.
1300 534 1366 582 22,
1399 533 1475 573 143
1516 530 1782 589 explananda
1823 530 2014 572 afferunt.
2076 531 2126 586 l)
2157 530 2264 572 Sunt
2292 531 2364 588 qui
2392 530 2617 586 significari

235 605 364 648 velint
403 600 488 653 τᾰς
526 601 572 646 ἐν
605 602 670 657 τῷ
701 598 882 659 μεγάρῳ
920 596 1096 654 διόδους
1130 603 1199 646 Et.
1229 601 1291 643 Μ.
1320 604 1385 652 99,
1415 607 1442 644 4
1479 601 1532 644 cf.
1561 600 1705 643 διὀδοι
1735 601 1928 643 Eustatli.
1964 603 2081 650 1922,
2112 604 2137 641 3
2167 600 2234 642 vel
2262 597 2342 651 τᾰς
2368 602 2444 657 τῆς
2471 598 2618 651 οἰκίας

237 668 504 731 &neoniae
541 666 714 724 διόδους
751 675 881 718 schol.
919 674 1051 730 Vulg.
1079 675 1132 717 ad
1161 675 1187 717 l.
1215 673 1267 724 1.,
1309 666 1390 721 τοῖς
1416 673 1494 729 τῆς
1521 669 1665 722 οἰκίας
1692 667 1872 721 διόδους
1899 669 1945 713 ἐν
1971 673 2064 721 τοῖς
2095 664 2320 727 ὑπερῴαις
2346 671 2484 723 οἴκοις
2511 672 2615 715 Hes.

236 748 277 790 in
307 762 345 790 ν.
374 740 455 789 αἰίὶ
484 745 630 801 ῥῶγας
655 758 747 801 μιν.
803 748 857 799 2)
896 746 983 788 Alii
1009 741 1084 802 τῆν
1110 738 1372 800 ὀρσοθύραν
1398 743 1571 800 intelligi
1600 744 1769 794 volunt,
1803 740 1881 798 τῂν
1908 735 2153 795 intention,
2198 757 2282 799 quo
2311 744 2476 786 nomine
2502 742 2616 793 τινὲς

232 816 309 875 τὴν
336 810 594 874 ὀρσοϋιῖραν
620 812 887 875 ἡρμήνευσαν
915 818 1034 860 Eust.
1069 820 1187 867 1921,
1220 820 1293 866 16,
1339 830 1594 873 quamquain
1624 816 1730 857 Hes.
1760 817 1799 856 in
1830 830 1869 855 v.
1896 806 2058 868 Τώγας
2086 815 2186 870 (sic)
2215 823 2440 871 utramque
2469 830 2613 857 vocem

237 892 457 941 discernit,
496 891 548 933 cf.
581 891 648 934 Et.
679 890 738 934 M.
768 893 834 940 99,
863 894 891 933 4
921 905 1012 947 sqq.
1052 882 1286 946 οὖδέτερον
1312 882 1478 945 ῥῶγας,
1519 883 1581 938 ὠς
1607 888 1748 936 κῶας,
1794 883 1846 927 ἵν’
1873 878 1901 944 ᾗ
1929 885 1979 929 τό
2012 880 2266 944 α’νάῤῥηγμα
2291 887 2373 929 τοῦ
2397 885 2548 939 τοίχου
2574 896 2615 928 et

238 964 400 1012 705,45
426 959 501 1017 τήν
528 953 785 1018 ὀρσοθύραν
810 954 993 1019 ῥωγάδα
1019 960 1239 1010 καλοῦσιν,
1269 953 1361 1001 οἷον
1389 956 1582 1015 ἔκρηγμα
1610 952 1748 1001 οὖσαν
1775 959 1848 1001 καὶ
1878 955 2094 1014 omnam>
2110 962 2189 1001 τοῦ
2209 959 2371 1012 τοίχου.
2421 960 2466 1015 3)
2489 960 2614 1002 Multi

232 1032 379 1089 ῥῶγας
415 1035 740 1090 interpretantur
785 1031 1074 1089 πθυρίδαςα,
1116 1031 1222 1074 Hes.
1257 1030 1299 1073 in
1338 1046 1376 1073 v.
1416 1029 1584 1087 ῥιόγας,
1628 1031 1830 1087 Apollon.
1861 1030 1990 1087 Sopli.
2020 1046 2060 1087 p.
2094 1034 2184 1081 139,
2213 1035 2266 1073 24
2297 1042 2338 1074 et
2367 1035 2434 1083 30,
2465 1035 2518 1074 28
2546 1032 2612 1075 ed.

235 1105 394 1156 Bekk.;
424 1104 615 1147 Eustath.
645 1121 685 1161 p.
719 1105 835 1154 1922,
864 1108 915 1153 3;
955 1102 1087 1146 schol.
1120 1101 1250 1156 vulg.
1281 1101 1334 1144 ad
1361 1117 1411 1155 χ,
1451 1107 1553 1153 143;
1589 1103 1729 1158 glossa
1759 1102 1841 1143 2⁶⁸⁰
1871 1118 2019 1145 manus
2048 1103 2087 1144 in
2118 1103 2211 1145 cod.
2242 1102 2409 1145 Monac.
2439 1103 2491 1144 ad
2519 1103 2546 1145 l.
2575 1103 2613 1154 1.,

234 1178 280 1226 4)
321 1176 512 1218 nonnulli
554 1175 752 1217 „sc-alasa
788 1172 871 1222 τοὶς
900 1165 1141 1224 &vapulans
1169 1166 1259 1215 οἷπὸ
1286 1173 1367 1215 τοῦ
1397 1166 1624 1215 διεστάναι
1653 1174 1721 1223 Et.
1749 1173 1811 1215 M.
1841 1176 1906 1223 99,
1935 1179 1986 1222 4;
2033 1174 2181 1230 Apoll.
2211 1174 2341 1229 soph.
2370 1189 2410 1229 p.
2440 1177 2507 1224 30,
2535 1174 2613 1224 27;

383 1397 411 1440 ⁹)
436 1397 645 1428 Vocabulum
677 1396 848 1430 ,Balkonss
880 1397 923 1427 ab
947 1396 1110 1428 Italorum
1144 1396 1316 1428 „batcdncc
1348 1397 1487 1427 ductum
1522 1398 1634 1436 atique
1657 1400 1829 1427 nostrates
1855 1396 2052 1427 translatum
2077 1405 2152 1427 esse
2176 1406 2276 1427 nemo
2300 1397 2451 1438 ignorat.
2499 1397 2612 1428 Etiam

233 1454 352 1484 Italam
387 1463 504 1485 vocem
536 1463 554 1484 e
586 1453 773 1484 Germania
804 1452 849 1484 ad
873 1452 1022 1484 Venetos
1054 1454 1220 1494 migrasse
1253 1453 1335 1483 olim
1366 1451 1435 1492 jam
1471 1454 1655 1484 adnotavit
1678 1452 1842 1483 Baldus
1868 1454 1900 1482 in
1925 1452 2010 1484 Lex.
2036 1452 2166 1484 vitruv.
2189 1452 2234 1484 ad
2258 1463 2290 1484 v.
2317 1453 2578 1495 „contignatioa
2601 1466 2609 1485 :

236 1510 546 1551 „Frequentissime
583 1514 726 1542 utuntur
761 1510 825 1542 hoc
857 1508 1024 1541 vocabulo
1055 1508 1171 1541 Latini
1202 1513 1363 1541 auctores
1393 1509 1435 1540 ad
1468 1507 1731 1551 significandam
1765 1512 1896 1550 partem
1929 1508 2019 1540 illam
2053 1509 2189 1547 domus,
2222 1519 2324 1550 quam
2348 1519 2410 1541 nos
2434 1510 2610 1550 solarium,

234 1565 316 1598 Ven
329 1567 386 1599 eti
422 1567 628 1599 Germanica
658 1575 740 1598 voce
765 1566 963 1605 Pulcum,
994 1565 1117 1598 Gracci
1145 1571 1289 1615 στέγας,
1324 1572 1357 1597 et
1382 1564 1471 1597 Galli
1497 1565 1652 1597 Graecos
1675 1566 1850 1597 imitantes
1875 1571 2051 1606 cstages
2073 1565 2210 1597 dicunt«
2236 1568 2353 1609 (eslaye
2376 1576 2397 1597 a
2421 1571 2524 1616 στέγῃ
2546 1567 2610 1599 Du

233 1624 379 1666 Gange
404 1634 542 1664 quoquc
567 1624 599 1654 in
621 1623 777 1663 Append.
802 1623 843 1654 ad
869 1622 1020 1654 Lexicon
1046 1623 1133 1654 med.
1158 1623 1282 1654 Graec.
1306 1623 1511 1663 appellatum
1537 1627 1645 1663 putat,
1671 1623 1795 1654 rectius
1819 1623 1936 1655 Diez.
1961 1629 2052 1666 etym.
2084 1623 2234 1654 Worcerb.
2256 1623 2315 1655 ‹ler-
2335 1635 2460 1655 roman.
2486 1625 2565 1667 Spr.
2591 1635 2611 1655 a

233 1685 337 1721 stare,
372 1689 484 1713 status
499 1705 508 1719 ‚
546 1681 753 1712 staticus.
803 1678 955 1717 contra,
991 1689 1079 1720 quae
1105 1680 1125 1712 l.
1149 1680 1171 1711 1.
1196 1681 1238 1712 de
1262 1680 1359 1712 Laet.
1375 1704 1383 1718 ,
1425 1679 1717 1727 Antwcrpiapus,
1752 1680 1872 1720 adjicit
1895 1692 1903 1712 ε
1929 1681 2125 1712 „Nostrates
2149 1680 2312 1720 ejusmodi
2337 1681 2612 1723 contignationes

233 1738 405 1780 appellant
430 1738 630 1776 Soldren,
668 1748 754 1778 quac
780 1748 847 1770 vox
870 1737 988 1769 alludit
1013 1736 1057 1769 ad
1081 1737 1256 1778 solaria“‚
1281 1743 1374 1769 recte
1400 1737 1536 1769 habent.
1586 1737 1759 1770 Solarium
1783 1742 1837 1770 est
1859 1738 2061 1769 Batavorum
2088 1737 2245 1776 Saleii-en,
2271 1738 2374 1770 hodie
2398 1738 2545 1779 muers,
2569 1739 2612 1781 pl.

233 1796 323 1827 vocis
352 1795 460 1828 zolder
492 1796 512 1826 i.
545 1804 574 1826 e.
611 1802 763 1826 nostrum
790 1794 914 1833 Saller,
947 1798 985 1825 ut
1007 1790 1214 1826 Batavorum
1239 1794 1349 1827 kelder
1374 1799 1529 1826 nostrum
1556 1794 1681 1836 Keller)
1715 1812 1756 1819 —
1790 1795 1818 1826 E
1843 1795 2050 1826 Germanica
2073 1796 2177 1837 igitur
2201 1795 2320 1837 lingna
2343 1805 2459 1827 vocem
2482 1796 2613 1829 halem

233 1853 309 1885 Itali
342 1853 611 1893 depromserunt,
641 1861 684 1883 ex
715 1851 814 1883 ltalia
844 1850 962 1882 eadem
992 1861 1062 1882 vox
1095 1851 1140 1882 ad
1164 1851 1355 1883 Germanos
1387 1851 1500 1884 rediit.
1558 1851 1626 1883 Sed
1658 1852 1748 1883 unde
1783 1853 1891 1892 ipsum
1926 1852 2129 1883 vocabulum
2156 1852 2255 1883 Ballre
2286 1853 2358 1883 sive
2384 1852 2510 1885 Balken
2532 1854 2614 1885 olim

232 1910 413 1950 repetitum
444 1909 510 1947 sit,
538 1908 608 1946 vel,
641 1913 679 1939 ut
708 1908 903 1939 accuratius
936 1908 1078 1948 loquar,
1106 1907 1151 1939 ad
1175 1907 1269 1948 quod
1292 1908 1493 1939 vocabulum
1518 1908 1737 1948 antiquarum
1762 1909 1955 1949 linguarum
1979 1910 2083 1949 stirps
2108 1911 2204 1940 vocis
2228 1908 2330 1941 Ballae
2353 1910 2533 1941 reserenda
2556 1910 2614 1947 sit,

233 1976 299 1998 non
333 1966 463 2007 liquere
495 1966 610 1997 dicunt
638 1975 671 1996 v.
703 1965 847 1996 Grimm.
881 1969 916 1997 et
948 1964 1130 2008 Weigand.
1161 1965 1312 1998 deutsche
1350 1965 1594 1998 Warterbozclaer
1623 1966 1655 1997 in
1688 1975 1715 1996 v.
1770 1964 1856 1997 Mihi
1890 1975 1969 1997 vero
1994 1975 2096 2006 quum
2122 1976 2320 2007 persuasum
2350 1967 2396 1998 sit
2421 1967 2455 1999 in
2480 1967 2614 1999 Graeca

233 2023 353 2066 lingua
384 2028 564 2064 cognatam
597 2031 712 2054 vocem
745 2021 870 2060 latere,
902 2021 1076 2063 paulisper
1104 2022 1138 2054 in
1164 2021 1345 2055 enodando
1374 2021 1442 2054 hoc
1467 2021 1631 2054 vocabulo
1656 2021 1770 2053 ludere
1796 2022 1905 2053 liceat.
1953 2021 1989 2053 J.
2016 2022 2159 2054 Grimm.
2186 2023 2220 2053 in
2246 2024 2474 2065 grammatica
2497 2023 2612 2056 Germ.

234 2081 369 2123 linguae
396 2080 498 2111 Tom.
519 2079 563 2118 11,
588 2089 619 2120 p.
646 2081 713 2112 388
742 2088 819 2120 sqq.
843 2079 1074 2119 demonstrat,
1098 2080 1286 2111 seeundum
1313 2080 1407 2121 leges
1431 2079 1545 2111 Germ.
1571 2079 1707 2119 linguae
1730 2089 1831 2119 saepe
1856 2080 1890 2110 in
1916 2079 2009 2110 exitu
2034 2080 2126 2110 vocis
2150 2086 2240 2111 inter
2266 2081 2360 2111 binas
2385 2087 2612 2114 consonantes

233 2138 347 2170 literas
378 2136 530 2169 vocalem
562 2141 602 2175 a,
634 2146 703 2178 qua
736 2136 857 2168 ultima
887 2145 1079 2169 consonans
1114 2136 1265 2178 simplici
1288 2136 1384 2178 stirpi
1410 2136 1569 2178 copulata
1591 2136 1729 2174 fuisset,
1753 2145 1828 2167 esse
1853 2136 2024 2168 omissam.
2073 2136 2125 2167 lta
2148 2145 2247 2168 voces
2271 2137 2454 2169 masculini
2476 2139 2613 2181 generis

232 2194 318 2227 halm
339 2197 384 2235 (v.
410 2194 453 2225 ib.
478 2203 509 2235 p.
537 2195 628 2233 145),
646 2193 849 2235 joh-hal-mo
872 2193 932 2233 (ib.
956 2204 989 2235 p.
1016 2196 1106 2235 147),
1132 2203 1276 2235 quarum
1301 2194 1359 2225 illa
1382 2194 1540 2235 pleniori,
1563 2192 1651 2225 haec
1673 2193 1828 2225 debiliori
1852 2193 2047 2224 declinandi
2071 2193 2200 2225 formae
2225 2194 2415 2234 subjicitur,
2439 2195 2482 2226 ab
2506 2195 2614 2228 kalam

231 2256 265 2282 et
294 2250 425 2283 kalamo
456 2250 557 2281 lictae
589 2255 623 2281 et
646 2250 850 2281 Latinorum
881 2251 1047 2281 calamo
1079 2258 1248 2292 cognatae
1280 2255 1368 2281 sunt.
1427 2251 1545 2290 Neque
1576 2250 1676 2280 aliter
1698 2257 1848 2281 nostrum
1874 2250 1977 2281 Banoe
2000 2250 2155 2292 (Balken)
2178 2251 2253 2282 aba.
2277 2252 2394 2291 balteo,
2440 2252 2614 2295 poleka

231 2319 274 2339 ex
304 2306 487 2352 pal-a-eho
518 2307 576 2345 (ib.
608 2317 640 2346 p.
675 2309 752 2340 279.
786 2310 864 2339 280
896 2307 959 2349 6.),
994 2306 1077 2340 altu.
1104 2306 1219 2340 bal-lu
1241 2315 1361 2347 strues,
1384 2307 1477 2339 trabs
1500 2317 1521 2338 a
1544 2305 1720 2345 ὀαΙ-α-Ιεν,
1755 2316 1901 2347 quocum
1926 2308 2124 2340 conveniret
2146 2307 2221 2340 «hd.
2244 2307 2470 2352 pal-a-Mch),
2502 2314 2613 2342 ortum

232 2374 305 2397 esse
347 2363 438 2396 dicit.
488 2362 618 2403 Quodsi
642 2362 888 2396 Germanicum
936 2363 1179 2409 ‚palae-k·
1228 2363 1368 2396 mutatis
1393 2363 1498 2396 literis
1522 2364 1710 2395 secundum
1735 2362 1874 2407 linguae
1898 2363 2051 2395 Graecae
2075 2364 2167 2405 leges
2192 2365 2360 2397 mutandis
2384 2366 2419 2397 in
2444 2365 2613 2399 Graecum

232 2420 391 2460 verteris,
423 2419 549 2453 efficies
580 2422 720 2469 φαλαγ,
753 2429 857 2461 quam
890 2420 1128 2464 primigeniam
1162 2421 1253 2453 vocis
1284 2415 1443 2469 φάλαγξ,
1474 2415 1653 2468 φάλαγγος
1683 2419 1829 2452 sormam
1861 2430 1938 2452 csse
1970 2421 2150 2453 contendo.
2210 2421 2319 2461 Quem
2351 2422 2441 2453 enim
2466 2422 2614 2455 offendet

230 2478 358 2510 nasalis
388 2478 490 2519 stirpi
518 2480 636 2527 φαλαγ
659 2478 806 2515 inserta,
844 2486 947 2518 quum
973 2478 1102 2509 similia
1127 2487 1195 2509 non
1221 2478 1324 2510 modo
1347 2477 1546 2518 saepissime
1571 2479 1606 2509 in
1630 2477 1809 2508 verborum
1833 2478 2003 2509 radicibus
2027 2478 2261 2519 admittantur,
2286 2487 2323 2510 ut
2346 2480 2381 2511 in
2403 2477 2571 2528 τυγχάνω
2593 2491 2613 2510 a

228 2549 312 2584 '¹³2⁸
336 2531 506 2584 λαγχάνοι
529 2546 550 2566 a
572 2537 668 2583 λαχ,
691 2534 751 2566 sed
776 2535 879 2567 etiam
903 2535 939 2567 in
964 2535 1161 2567 nominibus
1186 2545 1248 2567 usu
1274 2535 1422 2573 veniant,
1447 2541 1481 2566 ut
1509 2536 1541 2566 in
1566 2529 1716 2583 φᾶοιγξ,
1739 2549 1831 2583 rycg,
1855 2535 1952 2576 eujus
1976 2537 2160 2576 genitivum
2186 2537 2355 2568 Homerus
2379 2537 2442 2569 Od.
2466 2539 2498 2577 9,
2523 2539 2611 2576 373ς

233 2594 285 2630 19,
312 2594 379 2624 480
410 2592 505 2633 tingit
527 2586 702 2641 φάρυγος,
738 2593 772 2624 in
797 2586 949 2641 λάρυγξ,
987 2605 1089 2641 γγος,
1125 2592 1240 2624 Attice
1263 2588 1415 2641 λάριγος
1440 2591 1494 2624 Et.
1518 2591 1565 2624 Μ.
1589 2601 1622 2633 p.
1649 2593 1727 2631 788,
1754 2594 1799 2624 34
1823 2603 1831 2624 τ
1853 2588 1979 2627 'latior
2002 2587 2057 2628 ὅτι
2083 2588 2220 2642 φάρυγξ
2243 2589 2394 2642 φάρυγος
2417 2591 2463 2629 δι’
2492 2590 2568 2638 ἐτός
2590 2609 2612 2642 γ

230 2651 378 2684 κλίνεται
409 2656 443 2681 et
474 2651 518 2682 36
550 2643 678 2699 ὁμοίως
700 2649 738 2684 δὲ
762 2645 912 2698 him-rog
936 2646 1104 2693 Ἀττικαῖς.
1152 2649 1220 2682 vix
1243 2656 1357 2681 autem
1382 2649 1494 2691 aptius
1522 2648 1716 2690 exemplum
1741 2650 1883 2681 inveniri
1909 2651 2034 2690 poterit
2056 2660 2136 2681 voce
2161 2645 2302 2699 Σάλαγξ
2322 2652 2464 2690 (literam
2488 2665 2510 2698 γ
2532 2657 2609 2683 ant(⁸

227 2707 249 2749 ξ
285 2712 399 2738 tuetur
430 2706 514 2738 ordo
538 2707 725 2748 literarum)
749 2706 839 2748 apud
865 2706 1080 2749 Hesychium
1101 2702 1310 2757 μεταλλικδν
1334 2705 1470 2749 irnsing,
1502 2700 1576 2749 ὁςεὶ
1608 2709 1700 2754 ἔλεγε
1735 2702 1985 2755 όιδηοοπλάτος
2008 2703 2046 2747 (ὅ
2069 2710 2124 2742 καὶ
2147 2710 2261 2755 ἔλεγον
2285 2704 2537 2755 σιδςοοτλιὶτην
2559 2708 2609 2740 vel

227 2760 480 2811 didqporrZF-rqv
502 2780 544 2787 —
570 2764 622 2795 sic
646 2781 688 2787 —
712 2763 901 2807 Sopingius
932 2773 962 2797 ν.
998 2763 1194 2796 Hemsterh.
1225 2763 1271 2796 ad
1303 2764 1392 2796 Poll.
1417 2763 1466 2804 X,
1494 2764 1572 2803 149,
1594 2773 1628 2795 n.
1652 2765 1730 2805 95),
1761 2765 1790 2795 si
1826 2765 2081 2806 comparaveris
2112 2764 2261 2796 Pollucis
2292 2765 2311 2795 1.
2347 2765 2366 2795 Ι.
2398 2769 2611 2810 Mesalum

228 2816 325 2869 σκεῖη
347 2815 509 2863 ῧιῗλακες,
534 2820 699 2867 περίοδος.
725 2829 748 2855 6
755 2814 867 2863 ἇλαξ
884 2817 1163 2869 -Θεόφραστος
1177 2824 1212 2856 ὲν
1225 2835 1275 2856 r·
1296 2815 1727 2863 Μεταλλικῷ-αἰόλακα
1750 2816 1796 2856 «3
1817 2818 1889 2855 νῦν
1911 2823 2105 2871 μεταλλέων
2127 2816 2291 2855 κόσκινον.
2340 2822 2495 2862 Accedit,
2519 2824 2610 2864 quod

227 2878 261 2908 in
292 2877 369 2908 aliis
402 2885 537 2917 qnoque
566 2877 751 2917 vocabulis,
784 2883 822 2909 ut
855 2878 1003 2918 ”Luc-lis,
1036 2878 1114 2911 aka.
1135 2878 1228 2918 luka,
1260 2890 1329 2922 aya.
1354 2878 1428 2916 102,
1458 2888 1508 2919 gr.
1541 2873 1670 2926 λιῖγξϋ,
1703 2878 1909 2910 Gemanica
1941 2879 2058 2919 lingua
2088 2877 2277 2917 simplicem
2310 2880 2435 2911 radicis
2466 2881 2610 2913 sormam

227 2933 382 2976 serravit,
405 2931 541 2965 Graeca
571 2932 722 2966 nasalem
753 2934 911 2968 inseruit.
959 2935 1007 2969 Ut
1037 2945 1118 2968 vero
1143 2934 1355 2968 Graecorum
1386 2930 1528 2983 φάλαγξ
1556 2934 1652 2976 justa
1680 2934 1853 2967 literarum
1881 2935 2065 2966 mutatione
2095 2935 2128 2966 in
2153 2934 2404 2968 Germanorum
2434 2936 2536 2982 palali
2560 2939 2609 2970 vel

226 2990 366 3034 palaeae
405 2991 491 3023 verti
527 2991 852 3032 demonstravimus,
892 2993 943 3025 ita
977 2993 1153 3034 utriusque
1191 2994 1285 3025 vocis
1314 2993 1366 3024 vis
1398 2992 1526 3034 optime
1563 2994 1737 3036 congruit.
1792 2991 2073 3031 Antiquissimam
2104 2992 2394 3034 significationem
2424 2991 2610 3044 φαλᾰῃιω,

227 3048 373 3079 servavit
399 3047 532 3080 Herod.
564 3046 633 3086 111,
670 3049 712 3080 97
751 3050 783 3084 οἱ
815 3052 989 3093 Αἰθίοπες
1019 3046 1190 3098 ἀγινέουσι
1222 3050 1391 3098 διηκοσίας
1421 3045 1659 3098 φάλαγγας
1687 3050 1810 3099 ἐβένου
1841 3049 1958 3090 „tigna
1989 3050 2063 3079 sive
2099 3050 2194 3092 palos
2218 3050 2349 3081 ebeni.⁸
2406 3051 2535 3083 Eadem
2559 3054 2608 3084 vis

226 3109 367 3142 apparet
383 3105 418 3135 in
443 3099 641 3153 ,φάλαγγες
664 3104 830 3145 palangae
855 3105 906 3136 vel
927 3105 1130 3147 phalangae,
1154 3107 1179 3138 i.
1204 3116 1234 3139 e.
1258 3107 1366 3139 fustes
1389 3111 1526 3146 teretes,
1552 3116 1641 3147 quae
1665 3106 1806 3138 navibus
1830 3105 2089 3145 subjiciunturt,
2114 3106 2150 3138 in
2175 3103 2376 3155 »φάλαγγες
2395 3105 2442 3143 roi
2454 3114 2488 3143 ἐκ
2499 3104 2610 3151 §iton-

226 3154 486 3210 οἰκοδομῆματα
516 3159 673 3194 Eustnth.
702 3170 734 3202 p.
766 3162 846 3202 ⁴6⁹,
881 3163 964 3201 18⁸,
997 3161 1085 3194 aliis.
1144 3162 1261 3206 Vulgo
1290 3164 1392 3205 idque
1418 3162 1491 3204 jam
1521 3163 1613 3205 apud
1644 3162 1831 3195 Homerum
1855 3170 1921 3193 vox
1946 3171 2012 3194 non
2037 3163 2136 3195 aliter
2158 3165 2202 3195 ad
2227 3164 2381 3196 ordinem
2405 3166 2476 3197 sive
2498 3166 2609 3198 aciem

226 3214 374 3247 militum
398 3217 601 3250 transfertur
623 3223 729 3259 atque
752 3217 987 3250 Romanorum
1012 3217 1192 3251 »columna
1218 3220 1240 3252 i.
1264 3229 1294 3253 e.
1317 3219 1625 3263 Francogallorum
1648 3219 1861 3250 colonum
1909 3218 1962 3250 De
1980 3220 2104 3251 ceteris
2119 3220 2272 3261 ejusdem
2285 3221 2430 3264 originis
2445 3222 2609 3256 vocibus:

227 3272 283 3303 lat.
321 3273 487 3314 .planea·
524 3275 617 3317 apud
650 3277 815 3314 Festum,
851 3276 1119 3307 Romanensium
1154 3277 1349 3319 linguarum
1384 3278 1504 3309 formis
1540 3287 1583 3309 ex
1621 3277 1739 3308 eadem
1768 3276 1872 3316 stirpe
1906 3277 2017 3318 aptis,
2049 3279 2158 3319 deque
2189 3280 2391 3311 nostratium
2426 3279 2547 3314 Plan-ka
2579 3291 2612 3314 et

228 3327 435 3364 etanta-lucie
457 3331 502 3364 cf.
528 3333 626 3366 Dies.
651 3340 685 3367 et
708 3332 891 3377 Weigand.
916 3332 1012 3365 libris
1036 3331 1183 3366 laudatis
1206 3335 1250 3366 ad
1275 3344 1378 3368 vocea
1403 3334 1489 3367 illas.

2018 3392 2080 3431 7*
