2955 3681
1320 74 1385 122 37

132 245 244 283 ,que
281 229 320 269 in
370 225 466 267 navi
508 228 749 266 exstructae
792 220 1096 263 describuntur.
1166 220 1325 271 Immo,
1363 223 1397 262 si
1443 219 1549 276 quid
1593 220 1730 269 video,
1760 235 1827 261 res
1856 234 1910 261 ex
1938 222 2028 275 ipso
2059 222 2174 261 vocis
2197 218 2432 277 μελάθρου
2459 236 2539 264 usu

160 299 353 342 efficitur.
419 295 462 338 Si
492 294 601 337 enim
632 293 745 346 apud
762 292 997 334 Homerum
1029 296 1091 341 11,
1119 294 1200 333 278
1228 292 1406 345 legimus
1434 289 1656 345 »Epicaste
1683 292 1724 330 in
1755 291 1919 331 Orcum
1948 293 2171 331 descendit
2194 289 2399 348 ἁψαμένη
2423 286 2540 346 βρό-

158 385 235 424 χον
271 362 407 413 αἷπῦν
444 355 520 421 ἀφ’
557 357 748 420 ὑψηλοῖο
790 356 1020 418 μελάθρου
1061 362 1136 418 (cf.
1167 361 1282 405 Plut.
1311 361 1363 405 de
1391 360 1575 405 curiosit.
1607 377 1645 403 c.
1674 360 1738 415 ΙΙ)
1766 369 1810 403 et
1839 362 1872 403 si
1901 362 2065 417 (Apoll.
2095 363 2231 404 Rhod.
2263 366 2430 417 Argon.
2459 365 2539 413 111,

160 438 260 496 789)
308 436 459 480 Medea
496 433 684 489 loquitur
720 449 730 475 :
765 430 971 489 τεθναίην
999 426 1060 488 (ἢ)
1088 428 1246 483 λαιμόν
1278 424 1560 488 draptr'ooew
1585 425 1822 486 μελάθρου
1849 447 1884 473 κ
1908 446 1949 473 .τ.
1981 430 2032 485 λ.,
2075 449 2161 475 non
2204 432 2413 476 lacunaris
2452 449 2539 476 me-

159 510 228 554 dio
263 508 379 566 tigno
413 513 672 555 transverso,
713 504 889 562 opinor,
926 503 1123 583 laqueum
1163 510 1436 547 annectentes
1476 501 1676 546 mulieres
1712 501 1810 547 illae
1840 517 1985 546 necem
2018 504 2092 546 sibi
2120 520 2269 559 parare
2298 494 2539 548 voluerunt.

158 580 308 637 Neque
345 592 442 621 cum
479 591 530 619 eo
559 575 808 626 consenties,
849 576 919 633 qui
954 574 988 618 si
1017 590 1097 617 non
1129 574 1319 625 lacunar,
1350 582 1393 616 at
1420 574 1638 631 planum
1668 583 1827 617 tectum
1856 589 1958 618 oeco
1988 575 2226 631 impositum
2256 585 2455 627 statuens,
2486 576 2541 619 ad

158 651 336 696 mediam
367 648 530 693 trabem
558 655 840 692 transversam
871 648 972 691 tecti
1001 647 1114 690 illius
1151 646 1324 728 laqueos
1354 646 1566 704 suspendii
1595 661 1726 690 causa
1756 662 1940 690 annexos
1968 646 2099 690 fuisse
2129 647 2291 691 dixerit.
2348 648 2539 707 Suspen-

159 724 313 768 debant
355 737 398 765 se
438 720 605 778 potius,
661 720 733 777 qui
772 735 920 762 necem
969 717 1047 762 sibi
1076 718 1340 761 consciscere
1370 719 1579 773 volebant,
1609 733 1663 761 ex
1692 719 1840 761 eadem
1870 719 2003 770 trabe,
2033 735 2161 775 quam
2190 713 2474 775 dnr'padog”
2449 736 2542 777 ητοι

100 838 114 846 ,
156 793 380 851 μεσόδμνς
406 794 573 836 nomine
613 791 863 850 appellatam
893 792 1130 834 invenimus
1168 791 1210 832 in
1258 790 1486 846 Euripiden
1515 805 1640 834 versu
1669 785 1766 847 KQ?
1767 804 1848 846 μνη
1878 786 2058 847 σεαυτήν
2083 787 2132 834 ἐκ
2157 790 2291 847 μέσης
2318 785 2542 850 ἅντὴριδος

157 862 248 929 η’τοι
315 881 379 919 πμ
399 880 419 908 ε
440 878 467 908 σ
485 859 509 907 o'
533 862 610 917 ὀμ
629 877 731 921 ηςα
789 878 916 921 supra
951 862 988 905 B
1017 862 1071 905 ad
1104 862 1159 917 l.)
1190 876 1358 918 quaque
1388 862 1669 919 Hippocrates
1699 862 1847 920 (supra
1874 879 1970 920 pag.
2000 866 2054 905 29
2082 870 2126 906 et
2154 867 2228 919 30)
2258 864 2459 907 utebatur
2489 868 2541 907 ad

158 941 295 985 femur
330 938 524 981 luxatum
565 935 607 978 in
651 936 789 978 locum
836 934 1141 991 reponendum.
1198 932 1304 988 Ejus
1341 933 1625 984 altitudinem,
1668 951 1793 990 quam
1821 933 1910 976 fere
1938 950 2085 976 novem
2115 936 2271 992 pedum
2301 936 2429 979 fuisse
2460 934 2485 979 l'.
2516 940 2541 980 l.

160 1009 554 1062 demonstravimus,
584 1007 635 1048 ad
667 1014 887 1063 utramque
914 1021 1003 1048 rem
1031 1005 1162 1048 fuisse
1191 1005 1550 1049 accommodatam
1579 1022 1701 1049 nemo
1730 1006 1912 1061 negabit.

294 1081 393 1133 Quo
432 1080 526 1121 loco
568 1087 709 1121 autem
747 1078 877 1120 fuerit
915 1078 986 1120 illa
1023 1077 1151 1128 trabs,
1182 1076 1301 1132 cujus
1330 1076 1447 1119 varia
1474 1077 1641 1120 nomina
1670 1077 1919 1134 collegimus
1948 1076 2100 1134 cuique
2129 1078 2318 1121 tabulata
2346 1080 2541 1136 imposita

157 1154 287 1198 fuisse
334 1167 387 1196 ex
424 1153 701 1207 interpretum
739 1150 872 1193 verbis
911 1149 964 1192 ad
994 1149 1052 1200 A,
1089 1153 1114 1191 2
1143 1148 1276 1192 allatis
1303 1156 1493 1205 apparet,
1522 1157 1565 1191 et
1594 1163 1678 1206 qua
1706 1147 1868 1192 ratione
1899 1150 2063 1191 cavatio
2094 1149 2164 1192 illa
2190 1152 2297 1193 inter
2324 1150 2441 1206 tigna
2474 1152 2539 1194 vel

156 1227 263 1268 inter
290 1224 508 1265 columnas
537 1221 679 1264 relicta
708 1221 931 1275 cogitanda
960 1220 1025 1271 sit,
1056 1220 1090 1263 si
1119 1226 1233 1262 recte
1262 1220 1401 1263 eidem
1430 1220 1693 1275 superiorum
1718 1219 2022 1262 habitationum
2053 1229 2134 1263 etc.
2154 1235 2304 1263 nomen
2326 1222 2541 1278 imponere

157 1296 350 1345 velimus,
374 1294 463 1350 jam
491 1293 846 1346 investigabimus.
902 1291 952 1334 In
981 1292 1072 1334 oeci
1104 1298 1224 1347 parte
1252 1289 1450 1334 interiore
1480 1291 1671 1349 proxime
1701 1291 1837 1348 ipsum
1865 1288 2000 1345 μυχόν
2029 1298 2072 1333 et
2100 1284 2292 1349 ἐσχάραν
2319 1302 2440 1336 erant
2469 1309 2541 1336 co·

157 1369 340 1416 lumnae,
369 1366 421 1407 cf.
451 1367 498 1415 6,
541 1366 646 1414 3073
675 1367 750 1414 23,
779 1366 846 1405 90.
902 1356 1093 1418 Ἐσχᾶρα
1121 1377 1226 1404 non
1256 1363 1306 1404 in
1335 1361 1453 1417 ipso
1483 1362 1602 1404 oeci
1630 1377 1877 1414 recessu,
1905 1364 2055 1418 μυχῷ,
2090 1365 2143 1405 ad
2172 1365 2335 1406 literam
2366 1377 2425 1415 o,
2457 1380 2540 1420 quo

159 1440 251 1480 loco
281 1452 375 1479 eam
402 1436 443 1477 in
474 1434 654 1490 imagine
685 1433 853 1476 aedium
896 1433 948 1474 ad
986 1433 1220 1488 priorem
1265 1433 1392 1487 hujus
1423 1433 1786 1475 commentationis
1816 1442 1978 1489 partem
2009 1434 2148 1475 addita
2177 1435 2437 1485 adumbravi,
2467 1437 2540 1478 sed

156 1509 285 1565 paulo
314 1507 489 1563 propius
517 1505 703 1547 medium
731 1519 881 1546 oecum
910 1511 1007 1546 ante
1035 1504 1173 1559 ipsum
1200 1496 1334 1555 μυχόν
1361 1502 1655 1545 constituenda
1685 1517 1779 1546 esse
1804 1504 1988 1555 videtur,
2018 1504 2069 1546 cf.
2101 1505 2152 1547 de
2180 1506 2298 1547 aetld.
2328 1506 2385 1556 II,
2413 1522 2452 1562 p.
2479 1510 2540 1550 19.

159 1584 213 1621 20
241 1587 282 1622 et
323 1582 377 1619 24
419 1593 510 1632 sqq.
540 1584 581 1618 et
625 1591 662 1617 v.
699 1574 1044 1617 deformationem
1086 1574 1162 1628 (B)
1206 1573 1374 1615 aedium
1412 1573 1452 1615 in
1483 1582 1672 1616 extrema
1699 1575 1797 1615 hac
1826 1575 2177 1617 commentatione
2207 1577 2457 1632 descriptam
2488 1578 2540 1621 ad

158 1651 217 1693 lit.
239 1662 291 1694 o.
336 1648 500 1701 Quodsi
529 1647 816 1690 columnarum
846 1645 1013 1687 illarum
1043 1644 1235 1687 ordinem
1264 1644 1322 1686 ita
1341 1644 1613 1701 disponimus,
1644 1654 1690 1686 ut
1720 1656 1950 1701 sequantur
1978 1646 2128 1688 lineam
2158 1657 2333 1698 rectam,
2362 1649 2542 1691 mediam

158 1720 266 1763 inter
288 1716 481 1777 ἐσχάραν
500 1726 543 1761 et
561 1709 693 1771 μυχόν
712 1717 763 1759 ab
792 1732 876 1759 uno
905 1716 995 1758 oeci
1025 1716 1155 1759 latere
1183 1715 1235 1757 ad
1266 1715 1444 1759 alterum
1475 1717 1659 1767 ductam,
1689 1716 1788 1758 nihil
1819 1717 2009 1768 facimus,
2039 1718 2153 1774 quod
2185 1719 2243 1761 rei
2262 1718 2340 1775 ipsi
2364 1720 2431 1763 vel
2453 1720 2544 1762 Ho-

160 1794 263 1836 meri
299 1792 437 1835 verbis
480 1792 532 1833 sit
573 1789 845 1833 contrarium.
917 1788 1074 1832 Aditus
1113 1788 1164 1830 ad
1192 1780 1328 1841 μυχόν
1355 1803 1430 1845 per
1459 1789 1643 1830 medium
1672 1788 2038 1831 intercolumnium
2069 1790 2179 1831 illius
2211 1790 2382 1841 ordinis,
2413 1791 2543 1847 quod,

159 1880 235 1921 per
271 1879 339 1906 me
381 1863 501 1913 licet,
543 1878 628 1904 una
664 1861 819 1903 ordinis
851 1860 1045 1903 columna
1073 1860 1225 1902 omissa
1253 1859 1379 1901 latius
1407 1858 1586 1911 efficia8‚
1615 1868 1744 1916 patet.
1803 1859 1938 1902 Totus
1969 1875 2096 1903 oecus
2125 1870 2265 1904 autem
2295 1862 2366 1905 illo
2396 1863 2543 1907 ordine

159 1937 199 1977 in
230 1937 333 1978 duas
363 1943 517 1991 partes,
546 1934 729 1990 priorem
759 1932 892 1973 multo
922 1932 1138 1986 majorem,
1166 1930 1435 1986 posteriorem
1466 1931 1600 1971 multo
1638 1932 1854 1980 minorem,
1885 1931 2085 1973 dividitur
2112 1940 2153 1974 et
2182 1934 2388 1976 interioris
2417 1934 2543 1989 hujus

159 2007 288 2063 partis
328 2005 512 2062 spatium
556 2003 761 2052 medium,
807 2002 858 2044 ad
895 2002 1084 2045 dextram
1125 2017 1173 2043 ac
1204 1999 1413 2042 sinistram
1453 2001 1683 2057 parietibus
1723 2002 1986 2057 intergerivis
2009 2003 2042 2056 ⁷)
2086 2004 2296 2046 seclusum
2335 2004 2445 2047 idem
2475 2005 2544 2048 ille

299 2220 525 2261 ⁷jAlteruter
558 2221 681 2254 horum
715 2220 885 2262 parietum
920 2219 1209 2261 intergerivorum
1240 2217 1459 2260 significatur
1491 2217 1607 2249 verbis
1631 2220 1768 2268 τοίχου
1803 2233 1867 2253 του
1899 2223 2015 2254 ἐτέοου
2048 2219 2485 2262 1X,218;XX1V,598
2511 2229 2545 2254 et

162 2281 221 2317 23,
246 2280 300 2310 89.
325 2281 368 2310 90
401 2274 482 2323 ἕζετ’
514 2283 571 2312 ὅτ
575 2292 608 2312 ιτ
645 2275 802 2325 Odi-6775
833 2279 1014 2324 ἐναντίη
1042 2279 1083 2309 ἐν
1115 2270 1249 2323 πυρὸς
1278 2269 1387 2324 avr?
1412 2278 1582 2339 Τοὶχου
1600 2274 1676 2310 τοῦ
1710 2279 1878 2310 ἑτὲοου·
1909 2271 1926 2310 ὁ
1965 2276 1995 2312 δ’
2031 2273 2102 2326 ἆρα
2136 2291 2228 2325 ,τοος
2262 2283 2386 2314 κίονα
2414 2276 2545 2329 μακιιην

153 2326 256 2370 Bato
282 2351 364 2370 met.
391 2339 422 2369 λ.
448 2336 612 2366 con.164
637 2330 719 2376 ἕζε-’ν
746 2337 799 2368 ὲ-ιὶ
825 2329 959 2380 θρόιου
984 2335 1085 2367 ἐιθεν
1109 2329 1235 2372 α’τέσνη
1258 2328 1382 2366 Αιτιόν
1405 2345 1445 2378 ης
1468 2327 1619 2379 αλόχου.
1647 2351 1687 2356 -·
1708 2350 1748 2355 —
1774 2334 1836 2371 IX,
1862 2336 1927 2364 218
1953 2336 2141 2365 verisimile
2164 2336 2212 2368 fit.
2226 2336 2396 2367 Achillem
2420 2341 2545 2384 wizo„

160 2391 224 2427 τοῖ-
246 2397 362 2441 ὲτέοου
395 2391 629 2425 considentem
660 2390 787 2423 ibidem
813 2389 1026 2428 consedisse,
1058 2398 1127 2429 quo
1151 2389 1187 2420 in
1212 2388 1291 2420 loco
1316 2398 1395 2420 cum
1420 2389 1494 2421 solo
1519 2389 1682 2421 Patroclo
1707 2390 1845 2421 sederat
1869 2390 2005 2423 cithara
2029 2402 2157 2424 canens
2183 2404 2215 2423 v.
2244 2396 2305 2426 190
2331 2395 2350 2424 i.
2378 2404 2406 2424 e.
2434 2395 2467 2425 in
2493 2396 2544 2425 in-

159 2450 284 2481 teriore
312 2452 438 2498 νλιόίης
464 2455 578 2492 parte,
603 2452 637 2483 ἐι·
650 2445 772 2499 git-7393,
799 2447 841 2478 cs.
864 2442 978 2496 βάτην
997 2451 1153 2495 προτέρω
1172 2457 1205 2478 v.
1229 2447 1291 2479 192
1309 2450 1344 2478 et
1362 2452 1516 2495 προτέρω
1529 2441 1588 2495 ἆγε
1609 2457 1638 2478 v.
1655 2449 1729 2480 199.
1763 2447 1868 2480 Hune
1899 2449 1933 2480 iu
1956 2449 2071 2481 locum
2089 2449 2241 2491 hospites
2257 2452 2390 2491 ducere,
2410 2452 2543 2492 antiqui

161 2507 325 2547 temporis
352 2517 426 2538 mos
451 2513 537 2543 erat,
564 2506 607 2537 cf.
635 2507 675 2537 de
701 2504 908 2536 Telemacho
933 2503 1226 2544 Theoclymenum
1251 2507 1287 2537 ἐν
1309 2501 1417 2554 μυχῷ
1440 2503 1593 2545 hospitio
1617 2502 1810 2546 excipiente
1836 2515 1940 2547 supra
1965 2506 2005 2537 de
2031 2507 2127 2538 aedd.
2153 2506 2203 2545 11,
2230 2518 2260 2548 p.
2290 2510 2329 2540 13
2354 2513 2431 2549 post
2455 2510 2541 2540 med.

160 2563 254 2595 Idem
278 2564 403 2595 docent
427 2564 523 2595 latini
549 2569 681 2605 poetae,
708 2562 769 2603 qui
792 2561 951 2593 heroicae
977 2561 1100 2592 aetatis
1126 2561 1258 2592 fabulas
1283 2560 1434 2599 tradunt,
1461 2568 1496 2592 ut
1518 2561 1621 2593 Ovid.
1640 2561 1723 2593 Met.
1752 2563 1846 2601 XIV,
1873 2566 1949 2601 261,
1974 2565 2034 2594 ubi
2059 2565 2199 2595 comites
2226 2566 2318 2595 Ulixi
2344 2576 2405 2606 per
2425 2566 2542 2597 Circes

161 2620 305 2652 famulas
330 2621 371 2652 ad
396 2620 571 2653 dominam
596 2620 777 2658 ducuntur,
803 2628 890 2660 quae
917 2617 1124 2659 „pulchro
1148 2619 1270 2651 sedet
1293 2627 1478 2658 recessu,
1504 2619 1712 2651 sublimis
1737 2619 1872 2652 solio«
1900 2625 1934 2651 et
1954 2621 2069 2652 „dicta
2080 2627 2286 2661 acceptaque
2301 2624 2540 2663 salutea(271)

163 2678 322 2709 „misceri
355 2678 435 2707 tosti
462 2677 562 2717 jubet
598 2677 727 2708 hordea
760 2676 879 2717 grani⁴⁴
905 2676 1013 2714 (273).
1062 2674 1160 2705 Adde
1188 2674 1274 2706 Stat.
1300 2674 1466 2706 Thebaid.
1491 2673 1526 2713 I,
1551 2676 1617 2707 510
1641 2685 1713 2717 sqq.
1761 2675 1813 2707 Ibi
1839 2677 1929 2708 enim
1955 2678 2123 2709 Adrastus
2149 2677 2266 2719 Tydea
2297 2685 2330 2710 et
2354 2679 2543 2721 Polynicen

163 2733 368 2765 „Innectens
393 2735 549 2765 manibus
576 2741 665 2766 tecta
690 2734 860 2765 ulterioris
887 2733 926 2764 ad
950 2732 1049 2764 aulae
1075 2732 1323 2774 Progreditur3
1359 2734 1454 2764 canis
1480 2734 1665 2764 etiamnum
1691 2734 1854 2765 altaribus
1879 2736 1993 2775 ignes,
2030 2735 2183 2775 Sopitum
2207 2737 2356 2767 cinerem
2380 2744 2413 2767 et
2439 2739 2542 2777 tepidi

161 2790 324 2822 libamina
349 2791 441 2822 sacri
467 2791 673 2829 Servabant‚
710 2791 846 2822 adolere
872 2791 968 2821 socos
993 2790 1180 2830 epulasque
1206 2796 1359 2820 recentes
1384 2790 1579 2821 Instaurare
1598 2789 1698 2830 jubet
1725 2808 1764 2813 —
1790 2801 1823 2821 v.
1849 2792 1913 2822 525
1934 2791 2071 2830 jamque
2097 2793 2167 2830 ipse
2194 2793 2349 2831 superbis
2375 2794 2546 2835 Fulgebat

160 2847 274 2876 stratis
299 2847 453 2886 solioque
478 2846 611 2877 effultus
637 2847 783 2884 eburno,
818 2847 944 2877 Parte
981 2845 1073 2875 alia
1103 2845 1140 2885 (i.
1176 2855 1206 2877 e.
1242 2841 1359 2880 ἀντίον
1391 2847 1460 2877 sive
1496 2850 1626 2893 τοίχου
1661 2844 1726 2880 τοῦ
1751 2851 1880 2895 ε’-ῑροοω
1909 2847 2053 2887 juvenes
2078 2848 2200 2879 siccati
2223 2849 2370 2881 vulnera
2394 2850 2545 2892 lymphis

160 2902 422 2934 Discumbunt.“
476 2902 584 2934 Filiae
610 2903 752 2935 Adrasti
776 2905 904 2935 accitae
931 2913 965 2933 v.
994 2904 1061 2934 534
1088 2902 1246 2934 „Arcano
1272 2912 1431 2945 egressae
1455 2902 1625 2934 thalamos
1652 2905 1673 2934 i.
1698 2913 1726 2935 e
1752 2914 1795 2934 ex
1819 2904 1993 2934 mulierum
2017 2904 2119 2936 domo
2143 2914 2318 2945 apparent.
2344 2925 2387 2930 —
2414 2908 2543 2948 XXIV,

161 2960 228 2991 597
254 2968 330 3000 sqq
354 2960 397 2991 ad
421 2954 541 3009 μιχόν
564 2960 755 3001 referimus,
781 2970 883 3001 quum
908 2962 972 2992 472
998 2969 1072 3000 sqq.
1097 2960 1259 2992 dicatur.
1284 2959 1441 2992 Priamus
1467 2964 1502 2995 ὲν
1526 2960 1563 2995 δέ
1580 2975 1638 3012 μιν
1661 2956 1766 2995 αικτόι
1791 2951 1885 3009 Etis),
1909 2965 2022 2995 ἕταοοι
2048 2962 2079 2996 δ’
2102 2958 2267 2998 απάιει
2278 2968 2327 2999 cte
2355 2968 2545 3002 καθήατο-

161 3014 211 3057 τῷ
241 3015 278 3050 δὲ
304 3012 355 3050 δυ
380 3021 456 3056 οἴω,
485 3011 588 3064 Ηρος
612 3013 823 3053 Αὖτοιιέόωι
855 3032 893 3052 τε
918 3020 972 3052 καὶ
993 3012 1145 3068 Αλκιιιος
1169 3012 1244 3062 ὄζος
1264 3013 1398 3065 Ἂοηος,
1433 3021 1602 3052 troierit-ov
1634 3015 1808 3052 nauem-m
1841 3023 1915 3052 relov-
1939 3015 1969 3052 ὃ
1996 3022 2161 3068 απέληγει
2185 3019 2310 3069 ἑὸωὗῖς
2330 3017 2468 3058 Εόῦωι
2492 3027 2544 3058 καὶ

159 3076 282 3107 πίνων·
308 3078 359 3107 ἔνι
383 3077 438 3108 καὶ
462 3080 640 3121 παοέκεινο
665 3073 831 3123 τραπὲζα
880 3074 976 3114 Quae
1002 3075 1117 3106 omni}
1140 3075 1201 3106 vix
1225 3075 1356 3115 aptiore
1381 3074 1458 3107 loco
1483 3079 1586 3116 atque
1610 3072 1771 3125 §.i-3112&
1795 3080 1887 3109 οἴκου
1911 3086 2018 3117 prope
2043 3072 2200 3125 ἐόχαοαν
2225 3081 2379 3120 cogitare
2404 3084 2542 3120 poteris.

162 3128 290 3159 Eodem
315 3129 423 3171 igitur
447 3138 600 3171 spectare
625 3132 756 3172 putabis
781 3143 814 3163 v.
839 3133 915 3165 597.
942 3133 1009 3164 598
1034 3127 1126 3175 ἕζετο
1152 3132 1183 3166 δ’
1204 3131 1382 3172 (Achilles)
1407 3136 1440 3165 ἑν
1464 3131 1596 3181 κλιόμᾷ
1620 3127 1881 3175 πολυδαιδάλῳ,
1908 3137 2042 3167 ἐνθεν
2066 3140 2246 3182 ιιι-έστη,
2273 3140 2441 3183 τοῖχον
2465 3136 2543 3172 τοῦ

163 3187 331 3230 ἑτέρου.
378 3184 615 3219 certissimum
640 3195 752 3219 autem
778 3189 966 3220 sententiae
990 3198 1086 3220 meae
1110 3192 1349 3231 argumentum
1363 3187 1451 3220 duco
1476 3199 1520 3219 ex
1543 3188 1651 3220 verbis
1671 3188 1851 3229 Odysseae
1878 3191 1931 3228 23,
1958 3192 2011 3222 89.
2037 3193 2080 3222 90
2106 3188 2188 3234 ἕζετ’
2215 3194 2319 3226 ἔπειτ’
2342 3195 2543 3237 (Penelope)

163 3237 321 3286 Οδυόῆος
352 3245 507 3290 ἐναντίη,
541 3248 576 3278 ὲν
606 3241 718 3292 πυρός
750 3241 858 3295 miri,
895 3249 1063 3293 Τοίχου
1101 3245 1175 3280 τοῦ
1213 3250 1390 3294 ἑτέρου·
1424 3240 1442 3279 ὁ
1468 3241 1499 3279 ‹5'
1524 3241 1593 3292 ἄρα
1616 3240 1703 3290 πρός
1727 3249 1820 3279 κίοι-α
1842 3243 1971 3295 μακρήν
1991 3238 2092 3282 Ἠότο
2116 3263 2144 3281 κ.
2169 3263 2200 3282 τ,
2227 3252 2257 3283 λ.
2307 3249 2417 3288 Quum
2451 3252 2544 3282 colu.

163 3305 297 3335 mnam,
324 3296 367 3328 ad
391 3308 491 3337 quam
517 3299 635 3332 Ulixes
660 3311 697 3333 se
721 3303 924 3343 acclinavit,
948 3303 1102 3344 proxime
1126 3299 1285 3350 ἐσχάραν
1307 3302 1413 3333 fuisse
1438 3306 1611 3343 oporteat,
1636 3303 1679 3332 ef.
1704 3311 1734 3333 v.
1761 3304 1797 3334 71
1827 3309 1861 3334 ct
1883 3303 2038 3336 Eustath.
2067 3307 2170 3348 1939,
2197 3309 2237 3338 23
2263 3302 2348 3353 πρός
2371 3304 2466 3350 «ιο-[ᾦ
2490 3306 2545 3351 ης

1988 3362 2011 3400 6

2586 1092 2654 1131 (De
2679 1091 2812 1133 duplici

2562 1137 2744 1188 μεσοδμόν
2771 1147 2831 1181 30·

2644 1194 2736 1215 nere
2739 1186 2751 1225 )
