2955 3681
1469 98 1532 144 42

1597 156 1690 174 L-—

300 230 548 299 μελάθρου,
565 240 620 284 ci.
636 241 687 284 Il.
704 241 871 290 11,415,
886 240 996 283 hanc
1015 241 1070 283 ob
1085 255 1303 295 causam-a
1319 233 1512 298 μεγάρῳ,
1533 243 1585 284 cf.
1606 245 1667 295 19,
1687 245 1725 292 7,
1747 245 1917 285 omnino
1931 243 2170 300 abjudicare
2189 258 2274 286 non
2295 246 2471 300 poteris3
2491 244 2637 288 adhoc
2650 253 2693 288 et

304 312 428 358 codd.
459 329 606 357 omnes
625 321 667 357 et
692 312 847 369 optima
866 311 1014 355 scholl.
1051 312 1091 355 in
1118 312 1262 370 Apoll.
1289 314 1426 357 Rhod.
1456 314 1670 370 vulgatam
1690 323 1880 357 tuentur.
1919 315 2166 372 Μέλαθρον
2184 311 2401 359 αἰθαλόεν
2419 316 2546 359 habet
2565 317 2691 360 levis-

304 385 435 429 simae
474 384 570 429 fidei
603 392 752 428 auctor
780 383 849 426 Et.
882 383 1109 428 Gudianus
1134 386 1230 436 385,
1252 388 1302 441 ⁷3
1335 385 1406 429 ille
1433 399 1549 437 vero,
1570 385 1693 442 cujus
1713 385 1843 429 solius
1866 386 1992 430 lectio
2012 387 2168 444 proprii
2187 387 2344 446 aliquid
2365 387 2546 438 exhibet,
2567 387 2690 431 scho-

304 457 425 500 liasta
444 456 740 507 Theocriteus,
761 463 805 497 et
827 455 879 497 ab
906 454 1022 498 initio
1042 457 1282 513 corruptela
1302 464 1450 514 aperta
1469 450 1613 501 Αὐτοὶ
1629 470 1703 514 pro
1722 450 1852 514 Av’vrj
1874 464 1916 500 et
1937 457 1978 500 in
1999 457 2150 509 verbis,
2170 473 2279 515 quae
2298 467 2548 516 sequuntur,
2567 473 2689 516 prae-

304 528 500 588 positioni
533 521 616 569 aba?
649 541 728 585 pro
764 519 979 585 μεγάροιο
1007 525 1238 585 μέλαθρον
1264 537 1405 571 notam
1432 541 1582 572 versus
1613 527 1846 571 clausulam
1866 541 1919 570 ex
1944 531 2012 578 22,
2046 530 2122 571 143
2141 529 2343 586 appinxit.
2397 530 2548 588 Itaque
2574 530 2690 588 quod

303 600 525 644 scholiasta
547 599 632 640 „illi
660 597 858 655 sartagini
879 598 1199 642 adnotationum
1229 614 1324 642 raro
1345 600 1563 649 bonarum,
1594 611 1720 655 saepe
1740 598 2122 654 ineptissimarum«
2143 598 2376 649 (Fritzsche
2400 601 2454 643 de
2479 609 2590 657 poet.
2613 601 2690 646 Gr.

304 670 446 714 bucol:
480 686 521 727 p.
567 671 640 722 37)
688 670 908 726 proprium
949 670 1195 720 admiscuit,
1232 671 1467 712 mirandum
1507 671 1639 724 magis
1678 683 1804 726 quam
1834 668 2098 727 probandum
2131 669 2307 713 videtur.
2364 670 2446 714 Sed
2476 687 2544 716 res
2572 673 2690 719 aliter

301 743 444 785 habet.
512 741 702 783 Primum
742 741 832 797 ipse
874 742 1062 797 locuples
1091 750 1239 784 auctor
1268 742 1393 784 modo
1423 743 1616 783 laudatus
1661 758 1702 798 p.
1731 743 1805 790 37,
1843 748 1986 782 annot.
2021 741 2044 763 ⁴*
2081 741 2285 783 scholium
2315 742 2619 786 Theocriteum
2647 747 2688 788 in

299 813 430 865 XIII,
464 818 527 864 13,
558 829 689 870 quum
720 814 762 855 in
793 828 843 855 eo
875 813 953 854 „ad
982 813 1265 870 interpretum
1294 813 1520 856 sententias
1550 813 1700 870 respici
1732 813 1930 868 liqueat«,
1958 812 2000 854 in
2030 827 2175 855 eorum
2204 827 2379 855 numero
2413 814 2550 865 habet,
2581 830 2690 871 quae

300 885 481 942 margini
518 884 751 928 carminum
792 897 846 927 ex
875 884 1187 927 commentariis
1217 883 1596 927 vetustissimorum
1625 883 1900 939 interpretum
1931 883 2141 942 adscripta
2169 899 2262 926 esse
2286 884 2464 940 judicat.
2521 886 2687 930 Deinde

301 965 476 1015 propter
522 956 665 1013 ipsum
711 955 910 999 mendum
968 949 1116 998 Av'tol
1144 970 1217 1011 pro
1247 949 1374 1010 Αότή
1405 955 1597 997 librarius
1627 955 1725 997 mihi
1755 971 1831 997 sua
1861 971 1945 997 non
1975 970 2029 998 ex
2057 956 2232 1000 Homeri
2262 957 2516 999 carminibus
2546 966 2688 1000 mutu-

301 1035 399 1070 atus
447 1042 564 1078 esse,
624 1027 697 1071 sed
746 1026 923 1075 tradita,
961 1026 1152 1081 quamvis
1188 1041 1271 1067 non
1313 1024 1557 1075 intellecta,
1600 1024 1778 1069 fideliter
1820 1041 2010 1069 servasse
2049 1027 2230 1068 videtur.
2288 1026 2526 1078 Postremo,
2558 1029 2687 1084 idque

300 1100 487 1140 omnium
530 1098 665 1139 multo
701 1104 765 1139 est
791 1096 1102 1151 gravissimum,
1134 1094 1263 1137 verba
1289 1095 1538 1138 scholiastae
1578 1094 1633 1138 Οἱ
1663 1094 1713 1138 δὲ
1743 1091 1961 1140 αἰθαλόεν
1988 1095 2199 1155 πέτευρον
2224 1095 2298 1153 τὴν
2327 1097 2460 1141 δοκόν
2489 1098 2689 1154 λέγουσιν.

298 1167 373 1219 Ὡς
402 1168 476 1213 καὶ
492 1161 699 1224 Ὅμηρος·
736 1160 882 1211 Αὐτοὶ
912 1166 950 1209 δ’
979 1161 1272 1215 αἶθαλόεντας
1300 1161 1384 1209 α’νοὶ
1411 1166 1559 1222 ῥῶγας
1584 1161 1794 1221 μεγάροιο
1823 1183 1876 1209 ne
1904 1169 2121 1224 patiuntur
2151 1169 2320 1225 quidem
2351 1170 2568 1224 vulgarem
2599 1171 2690 1213 Ho-

299 1241 442 1286 merici
489 1255 639 1283 versus
690 1238 926 1281 lectionem.
1002 1237 1052 1280 Id
1091 1239 1224 1288 enirn,
1263 1239 1376 1293 quod
1409 1238 1633 1280 scholiasta
1664 1240 1885 1293 probatum
1917 1242 1958 1292 it,
1989 1232 2256 1281 αἰθαλόεν
2285 1240 2562 1296 πέτευρον
2590 1252 2688 1297 apte

300 1313 384 1357 dici
425 1309 514 1367 τήν
551 1301 739 1360 δοκόν,
781 1325 912 1366 quum
961 1308 1071 1364 apud
1101 1308 1334 1351 Homerum
1364 1324 1533 1364 quoque
1562 1309 1707 1351 eadem
1738 1309 1852 1351 trabs
1881 1310 1967 1351 sive
1995 1310 2136 1352 similis
2165 1311 2373 1366 quaedam
2404 1304 2687 1354 αἰθαλόεσσα

300 1387 450 1428 domus
490 1398 590 1440 pars
634 1382 895 1434 nominetur,
943 1381 983 1422 id
1013 1380 1221 1422 refutatur
1251 1381 1390 1435 potius
1421 1397 1546 1437 quam
1577 1382 1781 1437 probatur
1810 1381 1945 1423 verbis
1973 1375 2077 1436 αὐτῆ
2123 1381 2162 1423 δ’
2199 1376 2572 1433 αἰθαλόεντος
2604 1378 2688 1427 eim*

298 1447 575 1513 μεγάροιο
611 1452 849 1508 μέλαθρον.
917 1452 1076 1495 Contra
1107 1452 1265 1509 optime
1305 1452 1461 1495 habere
1491 1445 1783 1502 αἰθαλόεντας
1810 1446 1893 1495 α’νοὲ
1923 1453 2070 1510 ῥῶγας
2093 1467 2200 1509 μεν,
2230 1454 2262 1496 si
2291 1447 2584 1505 αἰθαλόεντας
2611 1471 2686 1510 ge-

298 1529 409 1572 neris
431 1525 666 1570 communis
680 1525 810 1568 fuisse
841 1525 1110 1573 concesseris,
1141 1523 1192 1566 cf.
1224 1516 1465 1581 ψολόεντος
1492 1522 1664 1580 ἐχίδνης
1694 1526 1813 1567 Eust.
1842 1541 1882 1582 p.
1914 1527 2005 1578 287,
2035 1530 2087 1567 32
2117 1534 2160 1567 et
2180 1526 2389 1582 Krueger.
2419 1543 2595 1581 gramm.
2622 1545 2686 1586 gr.

297 1600 364 1650 11,
399 1603 436 1650 l,
466 1599 485 1652 §
515 1602 581 1652 22,
607 1599 646 1649 7,
675 1612 771 1640 ann.
800 1600 855 1646 4.,
884 1596 995 1639 infra
1023 1595 1273 1638 videbimus.
1333 1596 1524 1638 Alteram
1555 1598 1759 1639 rationem
1792 1598 1824 1638 si
1852 1598 1993 1639 scholii
2025 1598 2163 1640 verbis
2193 1599 2515 1643 accommodare
2544 1601 2684 1652 velles,

296 1668 589 1719 αἰθαλόεντος
617 1665 731 1725 ὑπὲρ
758 1660 968 1723 μεγάροιο
996 1660 1227 1722 μελάθρου
1255 1668 1448 1708 codicum
1479 1668 1656 1721 vestigia
1685 1670 1818 1724 magis
1849 1677 2036 1711 servaret
2064 1684 2190 1724 quam
2223 1670 2362 1710 Vossii
2393 1671 2529 1721 lectio,
2559 1686 2684 1727 quam

295 1759 422 1800 supra
464 1741 769 1797 exscripsimus.
842 1738 1073 1794 Utcunque
1113 1755 1181 1780 res
1217 1738 1363 1791 habet,
1404 1737 1633 1794 μέλαθρον
1663 1741 1750 1781 sive
1780 1741 1884 1781 hano
1915 1755 2060 1782 vocem
2089 1750 2215 1796 poeta
2244 1742 2409 1796 scripsit
2439 1743 2527 1784 sive
2556 1744 2685 1785 inter-

299 1831 399 1871 pres
445 1813 615 1870 quidam
666 1813 746 1854 hac
794 1825 896 1853 voce
937 1808 1084 1866 ῥῶγας
1114 1810 1354 1864 explicavit,
1385 1810 1466 1851 hoc
1496 1810 1589 1851 loco
1620 1810 1720 1851 nihil
1751 1811 1863 1852 aliud
1890 1826 1980 1853 esse
2010 1819 2164 1866 potest,
2195 1827 2323 1865 quam
2356 1807 2551 1853 διάτονον
2579 1814 2685 1855 illud

297 1884 541 1945 epistylium
579 1882 671 1928 oeci
712 1880 895 1926 virorum
933 1877 1004 1933 (τό
1050 1875 1263 1924 ὗπότονον
1298 1875 1449 1934 ξύλον,
1490 1876 1514 1936 ἦ
1555 1876 1702 1935 δοκός)
1752 1880 1814 1925 vel
1847 1880 2082 1925 tabulatum
2112 1882 2211 1925 huic
2240 1882 2359 1936 tigno
2389 1881 2688 1941 impositumty‘

295 1949 456 2017 ὀροφή.
502 1981 546 1989 -
584 1980 637 1988 -
678 1954 746 1999 De
788 1953 880 1997 loco
923 1954 1001 2004 ll,
1046 1954 1126 1996 278
1162 1951 1250 2010 jam
1291 1967 1419 2010 supra
1456 1969 1550 2011 pag.
1580 1953 1631 1995 37
1669 1953 1753 1996 init.
1793 1951 2098 2009 disputavimus
2136 1961 2179 1998 et
2218 1953 2524 2011 discrepantem
2568 1956 2681 2012 ejus-

296 2032 395 2075 dem
433 2030 513 2073 loci
541 2028 766 2072 lectionem
792 2023 1017 2084 Ἀψαμένη
1054 2021 1220 2080 βρόχον
1247 2019 1384 2067 αἰπιῗν
1423 2018 1502 2082 εἶφ’
1543 2022 1729 2082 ὑψηλοῖο
1758 2017 1952 2078 δόμοιο
1981 2024 2116 2081 (Plut.
2146 2025 2199 2068 de
2229 2027 2381 2070 curios.
2411 2043 2446 2070 c.
2479 2031 2503 2070 2
2531 2028 2684 2074 aflei-re

296 2103 466 2160 quidem
514 2101 738 2151 volumus,
783 2113 868 2141 non
909 2098 1109 2141 refutare.
1163 2123 1206 2129 —
1255 2123 1306 2129 —
1349 2097 1491 2139 Verba
1529 2095 1676 2152 hymni
1713 2097 1752 2138 in
1789 2097 1932 2140 Cerer.
1977 2100 2052 2139 188
2095 2090 2330 2154 μελάθρου
2359 2098 2479 2154 Κῦρε
2505 2091 2619 2158 κάρη
2645 2111 2687 2145 et

294 2173 441 2230 hymni
480 2172 524 2215 in
568 2172 729 2214 Vener.
772 2172 862 2213 173.
904 2172 982 2212 174
1019 2169 1132 2225 (174.
1174 2170 1272 2223 175)
1312 2161 1553 2224 ειῖποιήτου
1593 2167 1643 2210 δὲ
1679 2161 1914 2224 μελάθρου
1956 2169 2080 2226 Κῦρε
2110 2162 2222 2225 κάρη
2250 2171 2406 2227 optime
2435 2173 2602 2226 quidem
2632 2175 2685 2216 ad

295 2245 537 2302 epistylium
580 2238 784 2285 διάτονον
821 2242 908 2284 sive
946 2242 1107 2283 trabem
1151 2241 1262 2283 illam
1305 2248 1591 2282 transversam
1626 2240 1772 2281 referri
1802 2248 1994 2296 possunt,
2025 2240 2098 2282 sed
2131 2249 2309 2297 uterque
2338 2242 2456 2284 locus
2485 2258 2683 2298 magnam

245 2367 249 2372 ἢ
294 2317 422 2358 habet
467 2314 758 2357 difficultatem
807 2329 817 2355 ε
856 2313 986 2370 prior,
1029 2312 1127 2367 quia
1173 2312 1356 2354 dubitari
1396 2318 1561 2368 potest,
1603 2320 1745 2352 utrum
1776 2310 2020 2368 epistylium
2050 2311 2155 2354 illud
2184 2313 2294 2354 idem
2324 2327 2526 2369 superum
2557 2315 2679 2358 limen

293 2401 386 2429 esse
414 2385 601 2443 potuerit
626 2384 783 2439 januae
816 2384 869 2425 ad
896 2377 1032 2436 μυχόν
1060 2382 1267 2436 ducentis,
1298 2383 1350 2424 cf.
1384 2383 1436 2424 de
1467 2381 1611 2435 superi
1641 2381 1789 2424 liminis
1819 2381 1859 2423 vi
1890 2398 2016 2439 supra
2036 2382 2090 2432 D,
2121 2383 2173 2424 ad
2207 2384 2263 2439 1.)
2293 2392 2411 2434 extr„
2441 2399 2493 2426 an
2525 2385 2705 2439 vossio,

293 2466 468 2502 auctore
521 2454 750 2511 μέλαθρον
776 2455 955 2499 alterum
985 2455 1024 2497 in
1056 2469 1159 2497 oeco
1190 2455 1416 2497 mulierum
1447 2463 1642 2508 oporteat
1669 2453 1867 2509 intelligi3
1900 2456 2005 2496 alter
2034 2457 2153 2497 locus
2175 2457 2341 2511 (hymni
2371 2458 2410 2496 in
2434 2458 2565 2512 Ven.)
2587 2473 2683 2500 cor-

294 2529 535 2586 ruptissime
575 2527 634 2571 sic
663 2528 845 2584 scriptus
874 2535 966 2571 erat
995 2522 1097 2583 ε”στη
1126 2520 1217 2583 ὅρα
1246 2524 1393 2583 κλισίῃ
1421 2518 1677 2582 εὖποιήτοιο
1700 2520 1935 2583 μελάθρου
1957 2517 2036 2583 ᾖρε
2065 2523 2193 2583 κάρη.
2253 2527 2397 2569 Prima
2427 2529 2556 2570 verba
2583 2526 2684 2586 ἔστη

292 2596 384 2658 ἄρα
433 2600 635 2644 exhibent
685 2599 779 2642 cod.
824 2598 974 2652 Mose„
1012 2597 1110 2641 Par.
1148 2599 1204 2641 A.
1250 2598 1311 2648 C;
1349 2598 1445 2641 Par.
1491 2598 1527 2640 B
1563 2598 1677 2640 solus
1721 2592 1814 2654 πάρ
1858 2615 1936 2655 pro
1965 2592 2069 2655 ἄρα.
2125 2598 2175 2639 In
2204 2606 2396 2640 extremo
2430 2615 2555 2642 versu
2586 2601 2679 2644 cod.

292 2674 429 2717 Mose.
461 2672 566 2726 κῦρε
594 2667 722 2727 κάρη.
774 2669 938 2723 Quodsi
976 2669 1201 2714 Ruhnken.
1242 2669 1293 2712 ad
1331 2669 1475 2726 hymn.
1517 2671 1557 2711 in
1596 2669 1737 2712 Cerer.
1781 2687 1820 2712 v.
1867 2674 1941 2713 188
1983 2687 2037 2713 ex
2067 2670 2260 2712 codicum
2289 2671 2471 2724 vestigiis
2500 2673 2682 2714 restituit

295 2739 439 2801 ‚J'Eozq
469 2741 565 2800 πάρ
585 2740 751 2799 κλισίῃ·
781 2734 1021 2798 εὖποιῆτου
1044 2739 1095 2784 δὲ
1121 2735 1355 2798 μελάθρου
1377 2741 1501 2798 Κῦρε
1531 2731 1654 2797 κάρη,
1685 2742 1814 2785 solam
1845 2742 2095 2797 particulam
2119 2740 2169 2784 δέ
2197 2750 2238 2785 et
2268 2743 2461 2797 adjectivi
2491 2737 2682 2799 εὐποιή-

290 2831 370 2859 του
399 2816 559 2858 exitum
602 2815 655 2859 de
692 2830 769 2858 suo
808 2813 972 2857 dedisse
1008 2812 1186 2855 videtur.
1258 2812 1522 2856 Numerosus
1560 2827 1707 2855 versus
1737 2814 1911 2865 exsistit,
1943 2814 2069 2857 modo
2100 2815 2306 2857 sententia
2335 2815 2448 2857 omni
2478 2830 2530 2858 ex
2562 2822 2680 2873 parte

293 2889 422 2946 possit
451 2888 631 2945 placere.
687 2886 802 2940 Quid
843 2887 953 2930 enim
992 2894 1058 2928 est
1088 2886 1191 2927 illud
1220 2880 1328 2942 πάρ’
1355 2883 1532 2943 κλισίῃῖ
1587 2886 1761 2928 Barnes.
1792 2886 1917 2929 vertit
1948 2887 2024 2929 „ad
2055 2886 2234 2928 ostium«
2266 2886 2473 2928 Matthiae
2504 2885 2582 2929 „ad
2611 2894 2681 2929 tu-

291 2959 401 3015 gurii
428 2966 632 3015 portam«.
698 2957 856 3000 Mirum
878 2971 992 3007 sane,
1023 2956 1139 3013 quod
1160 2956 1321 3006 Venm,
1351 2958 1572 3000 Anchisen
1592 2970 1615 2998 e
1645 2971 1790 2998 somno
1820 2958 2056 3000 excitatura
2086 2957 2142 3010 (V.
2176 2958 2251 2999 176
2281 2955 2330 3009 ἐξ
2359 2950 2496 2999 ὕπνου
2520 2957 2555 2999 τ’
2575 2950 2682 3000 α’νέ-
2759 2988 2762 2991 >

288 3031 467 3087 γειρεν),
498 3029 678 3085 primum
721 3043 862 3071 casam
899 3027 1079 3086 reliquit,
1111 3027 1262 3071 deinde
1291 3028 1636 3085 expergefactum
1664 3027 1848 3071 allocuta
1876 3035 1951 3072 est.
1997 3029 2061 3071 At
2088 3034 2203 3072 recte
2232 3028 2446 3072 habebunt
2475 3028 2618 3081 verba,
2647 3029 2681 3073 si

293 3101 470 3145 verteris
513 3114 714 3158 „prope
760 3109 970 3142 torum«
1008 3100 1035 3142 i.
1066 3114 1102 3142 e.
1134 3096 1260 3152 λέχος
1288 3114 1325 3140 ν.
1359 3102 1448 3151 157,
1478 3101 1520 3142 in
1551 3113 1636 3156 quo
1666 3100 1877 3144 Anchises
1907 3099 2100 3150 cubabat,
2130 3099 2273 3158 itaque
2306 3099 2556 3143 vertendum
2585 3116 2679 3146 esse

292 3190 376 3216 non
420 3173 591 3230 quidem
631 3173 786 3227 colligo
819 3187 871 3214 ex
911 3172 1107 3214 omnibus
1145 3172 1248 3213 locis
1278 3172 1318 3213 in
1347 3172 1549 3229 Stephani
1579 3172 1686 3214 thes.
1716 3180 1758 3214 et
1786 3172 1903 3215 Pass.
1934 3171 1999 3215 ed.
2030 3174 2085 3213 5²·
2114 3172 2165 3215 ad
2196 3171 2304 3214 hanc
2333 3171 2679 3227 significationem

291 3246 442 3297 allatis,
471 3253 520 3288 ut
541 3246 688 3302 Eurip.
712 3244 811 3286 Alc.
842 3246 946 3286 1006
965 3246 1097 3299 (997),
1127 3244 1180 3287 cf.
1201 3244 1335 3287 schol.
1357 3244 1410 3287 ad
1432 3244 1458 3287 l.
1480 3245 1522 3296 l.,
1545 3244 1609 3288 vel
1631 3244 1734 3287 Ath.
1756 3261 1796 3303 p.
1819 3247 1913 3296 474,
1945 3244 1984 3295 d,
2007 3243 2079 3287 sed
2101 3259 2152 3288 ex
2174 3243 2425 3302 Eurip.1ph.
2447 3244 2578 3289 Taur.
2599 3249 2680 3289 836

292 3323 409 3374 (857)
438 3328 481 3361 et
512 3319 564 3359 ob
604 3319 778 3363 Sertorii
808 3321 967 3362 lectum
1005 3317 1270 3361 tricliniarem
1314 3318 1355 3359 in
1387 3317 1674 3361 cubicularem
1703 3325 1914 3362 mutatum
1943 3315 2077 3372 (Plut.
2109 3315 2218 3361 Sert.
2250 3330 2285 3359 c.
2318 3318 2388 3373 26)
2417 3331 2486 3362 res
2515 3317 2565 3362 fit
2594 3317 2679 3363 veri
