2955 3681
1434 71 1498 119 32

273 215 446 258 eriam„
470 214 584 271 apud
613 214 780 258 Vitruv.
810 214 889 264 VI,
917 217 943 257 8
973 215 1078 269 (11),
1108 218 1134 258 6
1163 222 1209 258 et
1236 223 1436 273 corrupta
1466 215 1596 258 verba
1615 213 1820 257 Glossarii
1840 214 2138 270 Latinograeci
2166 216 2279 273 apud
2307 214 2656 273 Roberthteph.

271 285 401 330 Thes.
430 286 472 329 in
508 302 547 329 v.
575 285 747 329 tubicen
778 284 1033 328 »fidicines
1058 288 1097 329 in
1125 287 1260 341 herro,
1292 280 1538 343 οἷντηρίδες,
1581 283 1736 329 δοκοία
1767 310 1820 320 -
1848 285 1952 329 Hes.
1983 285 2048 329 ed.
2077 286 2245 329 Alberti
2275 287 2309 330 Ι.
2337 304 2378 345 p.
2407 290 2501 331 396.
2532 303 2572 329 n.
2605 290 2664 329 131

273 356 518 415 ”Glossaef
558 349 803 412 Ἀντέριδες
835 356 992 399 Οόίσεε.
1049 349 1298 414 ’Λντηρίδες
1337 358 1559 401 Τιιόίοὺιεε
1596 361 1639 401 in
1676 359 1912 401 berrooe.'—
1943 357 2104 401 Baldus
2134 359 2321 402 Lexicon
2354 359 2520 403 Vitruv.
2559 374 2600 414 p.
2630 361 2656 401 9

271 427 337 471 ed.
367 428 509 472 Elzev.
580 427 804 485 »Optimae
843 427 1024 471 Glossae
1052 445 1062 470 :
1104 428 1250 472 Obices
1288 423 1533 488 ἅντηρίδες,
1563 422 1826 479 οἷντιθέσεις.
1884 428 2068 472 Eaedem
2106 429 2274 485 glossae
2309 431 2517 474 Tibicines
2558 429 2655 485 (sic)

268 491 500 556 α’ντηρίδας
536 508 781 555 exponunt«
798 531 810 549 ‚
839 525 893 532 --
934 499 1008 542 sed
1036 499 1243 556 Hesychii
1271 501 1414 557 glossa
1443 494 1694 557 ἆντήριδες,
1733 494 1790 542 w?
1813 492 2113 556 ἀντερείδοντα
2140 492 2254 553 ξύλα
2280 494 2308 556 ἢ
2335 500 2489 544 λίθινα
2514 517 2658 545 κατα-

268 564 561 622 σκευάσματα,
589 570 658 613 Et.
682 570 797 613 Gud.
820 572 886 621 59,
907 574 933 613 3
963 563 1172 627 ἀντήρεις,
1201 566 1250 615 τὸ
1275 564 1575 630 ὑποστήριγμα
1602 570 1878 614 fulciendi
1907 571 1988 613 vim
2017 571 2288 628 praecipuam
2315 586 2408 614 esse
2428 572 2656 623 declarant,

268 642 325 684 ita
353 650 401 683 ut
429 641 643 684 Eustathii
670 641 832 693 verbis,
872 657 981 700 quae
1024 652 1285 701 sequuntur,
1323 652 1366 686 et
1391 644 1530 686 trabes
1560 642 1886 686 transversariae
1914 641 2136 687 fulcientes
2164 642 2351 686 tabulata
2381 643 2586 700 quaedam
2615 649 2658 688 et

267 713 372 757 haec
401 714 593 757 tabulata
622 716 713 772 ipsa
742 715 920 758 describi
948 715 1185 758 videantur.

405 788 457 829 ad
494 791 546 839 l.)
577 795 620 830 et
649 789 704 842 2.)
734 787 928 830 Eustath.
961 802 1054 843 pag.
1077 791 1171 839 903,
1200 791 1254 830 49
1270 781 1441 843 ’Έτεροι
1469 786 1520 829 δὲ
1548 783 1710 843 στήλας
1738 784 1991 841 προβλῆτας
2018 783 2145 841 φασί,
2174 783 2254 835 τοὶς
2281 784 2508 840 λεγομένας
2535 778 2656 840 ἆντὴ-

267 856 441 912 ρειδας,
479 850 531 907 ὃς
572 856 617 901 οἱ
654 857 739 912 ,μὲν
768 853 848 901 δια“
876 853 1130 915 διφθόγγου
1156 852 1401 915 γράφουσιν
1426 858 1470 901 ἐν
1496 858 1551 915 τῇ
1576 856 1701 914 τρίτῃ
1728 855 1922 914 συλλαβῇ
1947 852 2061 908 μετα
2085 854 2158 913 τήν
2180 852 2394 914 ἄρχουσαν
2420 851 2531 899 κατα
2556 850 2655 906 τούς

267 928 651 985 σημειωσαμένους
684 928 736 972 τὸ
772 930 891 980 κλεὶς
927 931 1000 973 καὶ
1029 926 1080 973 τό
1108 926 1304 988 ἄντῆρεις
1332 931 1403 984 (cf.
1435 931 1502 973 Et.
1533 930 1593 972 M.
1625 946 1665 985 p.
1699 933 1788 979 184,
1823 933 1872 971 10
1900 929 2043 985 sqq.)‚
2087 928 2128 972 οἱ
2169 929 2219 972 δὲ
2259 927 2337 971 διᾶ
2372 928 2453 971 τοῦ
2479 930 2522 972 Τ
2549 923 2660 971 κατοὶ

267 997 622 1055 τὸνστιχίσαντα,
651 995 860 1057 κρήμνη
888 1000 1115 1056 σεαυτήν
1142 1001 1199 1044 ἐκ
1226 1001 1396 1057 μέσης
1420 996 1700 1056 ἄντὴριδος
1747 995 1903 1056 »ἤτοι
1957 995 2323 1056 μεσόδμηςα.
2374 1000 2657 1056 (Versusipse

269 1070 384 1128 apud
414 1071 687 1121 Eustathium
718 1073 799 1115 hoc
827 1072 922 1114 loco
952 1080 995 1114 et
1026 1072 1138 1129 apud
1168 1073 1237 1115 Et.
1268 1072 1330 1115 M.
1362 1087 1401 1128 p.
1435 1075 1534 1121 112,
1562 1074 1635 1122 26,
1665 1071 1738 1114 ubi
1767 1070 1978 1127 Euripidis
2009 1084 2101 1113 esse
2130 1070 2309 1121 dicitur,
2349 1070 2475 1128 paulo
2511 1085 2657 1113 corru-

267 1143 381 1198 ptius
422 1143 609 1199 scriptus
656 1151 733 1186 est.
815 1144 1049 1186 Emendavi
1095 1144 1223 1186 verba
1262 1159 1312 1187 ex
1357 1144 1426 1187 Et.
1462 1143 1522 1187 M.
1561 1160 1603 1199 p.
1647 1145 1746 1194 537,
1792 1145 1876 1196 35).
1920 1139 2028 1191 τέως
2064 1156 2113 1196 γε
2146 1157 2227 1198 μην
2261 1140 2507 1199 προβλῆτες
2547 1137 2658 1185 κατά

268 1227 391 1264 τινας
418 1228 466 1257 αι
495 1207 718 1269 λεγόμεναι
740 1214 814 1258 καὶ
835 1208 1080 1270 οἷντῆριδες,
1109 1209 1184 1258 οἷα
1208 1230 1264 1257 τα
1284 1208 1493 1269 λεγόμενα
1522 1207 1853 1271 ἰκριώματα,
1884 1206 1914 1256 ἃ
1940 1210 2113 1268 ἔξωθεν
2140 1213 2209 1258 ἐπ’
2238 1208 2463 1271 α’σφαλείᾳ
2484 1213 2656 1267 τείχους

267 1285 426 1340 πρῶτα
480 1284 702 1336 τίθενται,
767 1279 861 1341 ἤτοι
899 1282 1156 1341 πρόκεινται
1193 1285 1264 1329 καὶ
1304 1284 1627 1340 προβέβληνται
1668 1279 1994 1341 αντερείδοντα·
2038 1285 2146 1342 περὶ
2185 1277 2245 1327 ὦν
2285 1284 2398 1334 τινὲς
2433 1284 2505 1328 καὶ
2538 1278 2652 1327 οὕτω

267 1348 517 1412 φράζουσι·
547 1356 701 1413 στῆλαι
730 1356 998 1412 προβλῆτες,
1028 1351 1199 1407 πλακες
1225 1351 1421 1411 μεγάλαι
1451 1354 1542 1410 πρό
1569 1356 1647 1398 τοῦ
1665 1354 1850 1409 τείχους,
1878 1355 2228 1414 προβεβλημέναι
2256 1356 2331 1398 τοῦ
2360 1348 2554 1412 ἐδαφσυς
2579 1356 2653 1400 καὶ

267 1429 610 1486 συνηρμοσμέναι
640 1421 853 1483 οἷλλνλαις
880 1425 967 1470 υπὸ
994 1421 1112 1472 πόδα
1138 1429 1220 1471 τοῦ
1247 1427 1416 1481 τείχους
1445 1422 1542 1470 αντὶ
1570 1421 1805 1483 ἐρύματος.

404 1501 456 1542 ad
486 1501 545 1553 3.)
575 1493 771 1554 Ἀντῆρις
801 1498 862 1550 δέ,
894 1493 1137 1556 αντήριδος,
1169 1499 1242 1542 καὶ
1273 1499 1471 1556 σημαίνει
1492 1514 1566 1557 την
1584 1499 1767 1557 θυρίδα.
1815 1500 1966 1542 Suidas
1987 1500 2050 1541 ed.
2074 1500 2324 1557 Bernhardy
2344 1501 2380 1551 Ι,
2410 1516 2448 1557 p.
2468 1504 2565 1553 466,
2591 1505 2653 1543 16.

376 1654 381 1659 .
457 1575 520 1631 C·
565 1608 646 1616 —··
687 1573 1003 1636 ΚΑΤΗΛῙΨ.
1080 1595 1193 1637 Huic
1236 1594 1326 1637 voci
1353 1594 1597 1651 Hesychius
1639 1593 1681 1636 in
1719 1593 1861 1648 glossa
1892 1586 2117 1653 Κατάλιψ.
2154 1594 2356 1653 μεσοδμη
2394 1596 2488 1651 (sic)
2529 1603 2571 1640 et
2602 1596 2654 1640 ad

265 1667 420 1710 lemma
448 1659 639 1724 κατήλιψ
669 1668 791 1721 (sic),
821 1667 973 1709 Pollux
1007 1667 1114 1721 VII,
1149 1670 1225 1708 123
1254 1669 1337 1708 vim
1365 1659 1666 1723 μεσόδμης,
1706 1665 1934 1708 scholiasta
1963 1666 2006 1707 in
2038 1666 2170 1708 Arist.
2199 1667 2305 1710 Ran.
2335 1671 2415 1711 564
2443 1668 2537 1725 τῆς
2562 1681 2658 1721 με-

267 1738 370 1780 σοδ
379 1730 406 1780 ό
415 1752 519 1790 μου
547 1740 613 1781 vel
641 1740 719 1794 τῆς
747 1737 959 1791 κλίμακος
987 1738 1227 1793 subjiciunt.

406 1809 458 1851 ad
492 1810 548 1861 1.)
578 1810 767 1864 Hesych.
798 1805 1015 1867 Κατήλιψ
1043 1809 1141 1863 (sic)
1169 1805 1384 1863 μεσόδμη.
1422 1800 1692 1860 μεσότοιχον.
1733 1809 1762 1849 δ
1772 1806 1929 1857 οκός,
1971 1805 1996 1863 ἠ
2033 1801 2122 1850 ὑπό
2156 1823 2274 1858 τινος
2303 1810 2403 1864 (scr.
2434 1803 2655 1863 ὑπότονος)

265 1877 634 1934 βαστάζουσα
669 1876 758 1923 τὸν
787 1875 1006 1937 ὄροφον.
1036 1878 1078 1922 οἱ
1107 1878 1157 1922 δὲ
1187 1876 1402 1937 ἶκρίωμα,
1442 1874 1493 1921 τό
1520 1878 1565 1921 ἐν
1590 1880 1654 1935 τῷ
1682 1879 1793 1936 οἴκῳ
1811 1892 1820 1901 ·
1864 1872 1888 1922 ὃ
1915 1879 1990 1922 καὶ
2017 1879 2197 1934 βέλτιον.
2257 1881 2376 1930 (Vox
2404 1874 2658 1935 μεσότοιχον

269 1960 311 1995 et
340 1968 450 2007 quae
480 1961 672 1995 extremo
703 1953 797 1995 loco
827 1952 965 2008 posita
994 1959 1106 2000 sunt,
1136 1952 1188 1993 ad
1217 1955 1273 2003 2.)
1302 1951 1448 1993 referri
1481 1951 1662 2006 debent).

406 2024 457 2066 ad
489 2025 548 2078 2.)
588 2023 766 2066 Praeter
802 2015 1059 2076 μεσότοιχον
1097 2032 1138 2064 et
1177 2019 1370 2079 ι’κρίωμα
1414 2022 1456 2063 in
1486 2022 1688 2079 Hesychii
1725 2023 1817 2065 loco
1854 2024 1906 2065 ad
1941 2024 1999 2076 1.)
2039 2024 2164 2066 allato
2196 2023 2246 2065 cf.
2275 2024 2456 2066 Bekker.
2488 2024 2656 2067 Anecd.

268 2095 353 2137 vol.
385 2094 429 2137 11
460 2109 500 2150 p.
535 2098 639 2136 1200
668 2110 709 2136 n.
740 2098 793 2137 32
832 2093 1045 2154 κατῆλιψ,
1084 2086 1347 2149 κατήλιφος·
1389 2091 1650 2148 σημαίνει
1680 2091 1739 2136 δὲ
1772 2092 1867 2150 τήν
1894 2093 2062 2150 μέσην
2089 2093 2277 2150 στέγην
2315 2088 2406 2138 dmi
2436 2096 2516 2137 τοῦ
2556 2095 2656 2151 (sic)

266 2165 411 2222 πηλοῦ
436 2160 463 2223 ἤ
489 2180 606 2215 τινος
633 2158 861 2217 τοιούτου,
904 2163 975 2223 ἐφ’
1004 2158 1064 2207 ὧν
1087 2163 1142 2206 τοὶ
1174 2159 1526 2221 καταστρώματα
1556 2162 1759 2208 τίθενται
1776 2198 1786 2217 ,
1836 2165 1908 2207 καὶ
1939 2159 1988 2207 τό
2016 2158 2111 2207 α’πδ
2139 2166 2215 2220 τῆς
2241 2158 2441 2220 τρόπεως
2468 2164 2551 2216 ἕως
2577 2166 2658 2209 τοῦ

267 2236 404 2286 ἱστοῦ,
434 2230 469 2292 ᾧ
498 2236 788 2292 προςδέδεται
818 2233 843 2277 ὁ
872 2233 1010 2285 ἱστός.
1067 2236 1214 2278 Verba
1243 2236 1293 2277 ab
1321 2235 1391 2291 ἐφ’
1421 2226 1482 2276 ὦν
1515 2244 1693 2292 possunt
1721 2244 1762 2278 et
1791 2238 1920 2278 verba
1946 2236 2020 2278 καὶ
2048 2232 2099 2278 τὸ
2126 2230 2221 2279 α’πό
2248 2251 2283 2278 κ.
2314 2251 2348 2278 τ.
2378 2236 2415 2277 λ.
2447 2252 2530 2279 non
2559 2252 2656 2294 pos-

269 2317 369 2350 sunt
408 2323 491 2350 non
533 2308 586 2350 ad
624 2323 773 2350 navem
817 2307 979 2350 referri.
1022 2333 1075 2338 —
1118 2307 1414 2364 Aristophanis
1453 2307 1561 2348 Ran.
1599 2322 1636 2348 ν.
1668 2310 1747 2350 566
1778 2308 1910 2350 altera
1950 2322 2175 2364 ceparum,
2214 2308 2311 2351 olim
2351 2323 2395 2351 se
2423 2307 2655 2351 Herculem

268 2395 463 2423 voracem
504 2388 545 2423 et
587 2394 803 2437 rapacem,
844 2395 976 2436 quum
1005 2379 1144 2436 gladio
1176 2378 1321 2421 stricto
1350 2380 1463 2435 ipsas
1494 2378 1537 2420 in
1569 2393 1760 2434 caupona
1788 2387 2139 2435 persequeretur,
2182 2379 2381 2432 effugisse
2419 2379 2482 2421 his
2519 2380 2657 2422 verbis

268 2451 399 2495 refert
428 2468 438 2494 ε
467 2445 528 2493 νω’
560 2450 610 2494 δὲ
641 2448 848 2494 δείσασαί
874 2449 920 2506 γε’
951 2465 1039 2493 που
1065 2444 1160 2494 Ἐπὶ
1189 2448 1266 2507 τῆν
1293 2443 1492 2507 κατήλιφ’
1520 2443 1659 2499 εὐθυς
1687 2443 2032 2507 ἅνεπηδὴσαμεν.
2089 2449 2163 2494 Ad
2194 2450 2307 2493 hunc
2337 2450 2476 2492 locum
2500 2450 2658 2494 scholia

270 2523 425 2580 (Paris.
471 2523 602 2564 Didot
640 2523 765 2575 1842)
806 2516 1090 2578 κατήλιφα
1121 2535 1134 2563 .·
1175 2519 1264 2577 Τήν
1303 2514 1554 2573 μεσόδομον
1604 2515 1649 2577 (ἢ
1685 2519 1761 2576 τήν
1795 2521 2005 2576 κλίμακα)
2035 2545 2089 2552 -
2130 2521 2293 2564 inclusa
2322 2538 2345 2563 a
2375 2522 2468 2563 cod.
2497 2523 2656 2565 Raven.

270 2595 425 2637 absunt
443 2619 510 2635 —.
539 2618 592 2624 -
622 2590 812 2645 κλίμακα
842 2592 913 2634 Br.
943 2592 1163 2646 σανίδα,
1194 2591 1238 2634 ἐν
1267 2583 1293 2649 ᾖ
1322 2589 1468 2636 πάντα
1496 2587 1551 2635 τοὶ
1579 2586 1841 2644 πωλούμενα
1866 2591 2082 2642 τιθέασιν,
2112 2589 2178 2642 εἰς
2207 2584 2253 2647 ἢν
2281 2586 2586 2645 α’ναβαίνοντες
2614 2591 2657 2636 οἱ

271 2664 536 2708 κατοικίδιοι
565 2658 685 2720 ὅρνις
713 2663 804 2706 ἐκεῖ
828 2664 1078 2716 κοιμῶνται.
1110 2680 1144 2706 κ.
1172 2679 1208 2705 τ.
1238 2662 1275 2705 λ.
1338 2663 1489 2707 Venet.
1521 2664 1613 2706 cod.

383 2737 435 2779 ad
465 2736 523 2791 3.)
543 2737 707 2779 Polluc.
729 2736 756 2778 1.
779 2735 912 2786 VIII,
943 2751 974 2779 a
995 2739 1070 2777 123
1101 2734 1342 2791 κατῆλιψ
1369 2732 1394 2791 ἡ
1420 2726 1685 2790 μεσόδμη.
1707 2728 1872 2792 κάπνην
1900 2735 1951 2778 δὲ
1980 2735 2053 2778 καὶ
2083 2727 2355 2792 καπνοδόκην
2383 2728 2580 2784 Εὔπολις
2605 2728 2659 2777 τό

269 2807 347 2861 μὲν
374 2806 546 2865 εἴρηκεν
573 2806 616 2851 ἐν
644 2803 866 2862 Βάπταις,
908 2801 960 2850 τό
990 2805 1038 2850 δὲ
1068 2805 1111 2850 ἐν
1139 2804 1332 2863 Δήμοις·
1367 2805 1509 2862 λέγειν
1540 2805 1578 2849 δ’
1610 2803 1730 2858 ἔστι,
1770 2807 1839 2851 καὶ
1870 2803 2078 2864 κατάγεια
2105 2799 2317 2863 οἰκήματα
2344 2807 2415 2850 καὶ
2449 2799 2652 2863 ὑπόγεια·

273 3082 336 3114 niti
362 3081 514 3121 videtur,
551 3082 610 3122 qui
634 3081 727 3120 ibid.,
752 3092 785 3113 v.
811 3082 853 3114 25
879 3081 952 3122 ipse
977 3081 1227 3112 nominativum
1253 3077 1408 3129 ἀντήρεις
1428 3084 1680 3121 paroxytonum
1705 3082 1849 3123 scripsit.
1889 3082 1943 3113 Ex
1967 3082 2147 3124 analogiae
2172 3080 2362 3125 praeceptis
2386 3080 2414 3111 si
2440 3089 2512 3112 rem
2538 3081 2657 3124 dijudi-

272 3149 351 3172 care
375 3140 477 3178 velis,
508 3140 627 3171 afferre
652 3140 731 3171 licet
756 3139 882 3171 Herod.
908 3143 980 3186 περὶ
1004 3135 1058 3173 'Ial-
1084 3135 1181 3187 πρός.
1208 3140 1259 3170 ed.
1284 3139 1393 3171 Lehrs
1419 3150 1450 3180 p.
1478 3139 1544 3171 254
1568 3139 1610 3170 ad
1637 3138 1665 3177 I,
1689 3139 1766 3177 571,
1793 3141 1851 3171 sed
1876 3140 2015 3171 dubium
2041 3148 2107 3179 est,
2139 3150 2182 3172 an
2208 3138 2395 3170 Herodiani
2419 3139 2523 3170 verba
2548 3140 2589 3170 ad
2616 3148 2658 3171 ea

272 3202 405 3229 tantum
428 3206 620 3239 paronyma
642 3196 806 3229 feminina
831 3198 1050 3237 conveniant,
1085 3207 1172 3237 quae
1192 3206 1210 3228 e
1237 3197 1432 3229 masculinis
1458 3196 1630 3238 primae
1655 3196 1888 3229 declinationis
1915 3198 2093 3229 ducantur.
2141 3197 2278 3228 Arcadii
2303 3202 2519 3237 praeceptum
2544 3206 2576 3238 p.
2602 3198 2657 3230 34.

274 3254 350 3286 coll.
377 3253 542 3298 Gdnlinq,
582 3253 663 3298 Ath.
690 3253 793 3286 λάινα
821 3266 851 3287 v.
877 3253 1000 3286 Acuent
1030 3252 1060 3287 d.
1091 3264 1139 3297 qr.
1172 3253 1250 3298 Spr.
1288 3263 1319 3295 p.
1346 3257 1410 3286 272
1445 3262 1518 3294 sqq.
1553 3253 1745 3295 generalius
1777 3259 1844 3293 est,
1876 3264 1977 3296 quam
2009 3254 2067 3286 cui
2099 3258 2191 3286 certo
2224 3251 2309 3284 haec
2341 3252 2516 3284 verborum
2549 3254 2658 3285 forma

273 3312 481 3353 subjiciatur.
