2955 3681
1476 104 1541 152 72

301 249 372 293 via
408 249 644 294 thalamum
681 250 900 306 petiverit,
941 255 1166 291 enarratur
1201 263 1241 290 v.
1275 251 1352 290 142
1380 263 1474 305 sqq.
1513 240 1616 299 »Ὣς
1650 246 1795 292 eluda
1821 244 2024 305 ἐνέβαινε
2053 246 2321 302 Μελάνθιος
2349 250 2539 302 αἵπολος
2566 251 2704 309 αἰγῶν

297 315 367 372 Ἐς
394 315 634 374 θαλάμους
647 312 854 376 Ὀδυσῆος
880 311 964 363 α’νά
993 319 1143 378 ῥῶγας
1166 311 1397 376 μεγάροιο,
1415 312 1572 362 Ἔνθεν
1595 311 1771 363 δώδεκα
1797 320 1879 373 μὲν
1905 319 2027 365 σάκε’
2056 319 2181 376 ἔξελε
2210 339 2247 367 κ.
2274 339 2312 367 τ.
2340 323 2380 367 λ.
2424 323 2549 377 Quae
2576 325 2703 368 verba

301 400 351 436 nt
377 401 495 436 recte
528 391 841 448 intelligantur,
881 390 992 434 duae
1020 405 1087 435 res
1114 391 1324 434 tenendae
1353 397 1454 433 sunt
1484 393 1527 445 1)
1556 389 1841 441 Melanthius,
1880 394 2123 437 auctoribus
2151 395 2365 439 veteribus
2391 395 2702 452 interpretibus,

301 464 500 508 Eustath.
525 466 644 515 1921,
673 466 728 508 46
758 462 910 521 (supra
929 478 970 521 p.
991 463 1058 522 5⁵,
1078 465 1131 507 28
1151 462 1264 520 sqq.)
1292 469 1335 506 et
1363 461 1508 520 Apoll.
1538 461 1667 520 Soph.
1695 477 1738 520 p.
1771 466 1863 517 122,
1895 480 1934 506 v.
1968 467 2018 508 15
2047 466 2114 509 ed.
2144 467 2249 511 Bek.
2280 471 2428 526 (supra
2446 482 2488 525 p.
2504 471 2571 519 61,
2600 483 2636 511 v.
2657 470 2702 521 6)

302 532 366 581 so‘
391 531 662 586 Μελάνθιος
688 529 765 579 daci
792 535 869 592 τῆς
895 526 1150 593 ὄρσοθιῖρης
1176 527 1371 591 α’νέβηα,
1405 548 1483 592 per
1512 535 1692 579 eandem
1722 528 1983 592 ὀρσοθιῖραν
2009 538 2217 594 aseendit,
2245 554 2323 598 per
2351 556 2478 597 quam
2508 540 2702 596 Agelaus

302 624 434 654 unum
477 622 709 666 procorum
739 607 972 651 ascendere
1002 607 1196 650 voluerat
1224 605 1270 663 2)
1300 620 1354 649 ex
1383 620 1490 649 voce
1521 601 1650 650 ἔνθεν
1677 622 1717 649 v.
1753 610 1851 658 144,
1879 606 1968 650 sive
1999 626 2021 649 a
2039 608 2200 662 inde«,
2230 612 2318 655 sive
2349 611 2531 655 »unde«
2562 611 2701 664 vertis,

300 682 519 739 sequitur,
547 687 599 724 ut
626 696 711 722 vox
737 671 982 731 θαλάμων,
1025 678 1059 721 si
1087 693 1172 721 nou
1202 679 1339 736 ipsum
1367 677 1604 722 thalamum
1634 693 1873 728 armorum,
1915 686 1958 721 at
1987 694 2078 722 eam
2110 682 2261 724 domus
2289 689 2451 753 partem
2481 682 2701 739 significet,

298 754 343 797 in
373 767 457 811 qua
484 759 652 813 praeter
678 751 779 796 alios
807 749 1017 794 thalamos
1045 749 1170 794 etiam
1198 749 1415 794 thalamus
1444 764 1658 794 armorum
1688 758 1791 795 erat.
1848 750 1986 807 Atqui
2016 767 2229 796 armorum
2257 755 2464 797 thalamus
2494 757 2553 805 (v.
2574 771 2704 810 supra

299 841 341 882 p.
360 827 429 875 67,
450 840 488 866 v.
509 827 558 866 12
575 827 687 882 sqq..)
709 823 749 864 in
771 821 989 880 superiore
1010 821 1328 878 contignatione
1348 821 1474 864 fuisse
1494 835 1579 865 non
1602 821 1783 874 videtur,
1803 835 1934 880 quare
1953 822 2104 866 noles
2093 825 2360 882 interpretari
2384 826 2450 869 nin
2470 821 2706 879 θαλάμοις

300 896 541 949 ascendit«,
579 895 654 938 sed
692 893 936 936 „thalamos
967 894 1213 951 petiturus«
1249 893 1378 947 (nacla
1417 892 1494 936 den
1531 894 1748 951 Thalami)
1784 894 1985 938 ascendit.
2041 894 2181 949 Quem
2212 898 2254 940 in
2285 897 2422 941 locum
2454 898 2701 950 ascenderit,

301 985 353 1012 ex
385 968 428 1024 l)
458 966 630 1011 efficies.
685 965 796 1007 Nam
835 964 870 1006 si
899 964 1160 1006 Melanthius
1188 958 1284 1005 dvo?
1317 964 1465 1021 ῥῶγας
1502 958 1754 1022 α’ναβαίνων
1782 967 1968 1010 ascendit
1997 964 2075 1010 (1ιᾶ
2102 967 2182 1024 τῆς
2209 961 2485 1026 ὄρσοθιῖρης,
2522 997 2574 1003 -
2617 961 2700 1012 α’νᾶ

298 1040 448 1098 ῥῶγας
489 1039 728 1094 significare
757 1038 928 1093 quidem
958 1045 1102 1092 posset
1134 1037 1208 1076 nin
1238 1037 1502 1078 fenestram«
1534 1038 1559 1078 i.
1592 1052 1629 1080 e.
1659 1039 1700 1080 in
1729 1038 1860 1096 ipsam
1890 1030 2166 1096 ὀρσοθῦραν,
2209 1046 2252 1083 at
2291 1039 2465 1097 pluralis
2498 1056 2702 1084 numerus

300 1129 327 1156 a
353 1111 548 1169 plurimis
576 1120 705 1167 atque
735 1108 901 1165 optimis
932 1108 1177 1150 auctoribus
1206 1108 1389 1150 traditur
1416 1116 1458 1152 et
1481 1108 1534 1150 ab
1566 1109 1747 1166 antiquis
1777 1110 2075 1166 interpretibus
2093 1109 2204 1153 inter
2222 1110 2369 1168 ῥῶγας
2387 1119 2429 1155 et
2449 1105 2704 1170 ὄρσο-θύραν

302 1183 558 1227 discernitur
579 1184 723 1237 (supra
744 1196 783 1237 p.
804 1182 872 1230 48,
893 1195 932 1221 ι’.
953 1182 979 1220 9
992 1195 1003 1229 ;
1032 1183 1100 1229 49,
1122 1195 1160 1219 v.
1185 1180 1268 1233 12).
1298 1179 1403 1220 Item
1427 1181 1499 1236 qui
1520 1174 1599 1221 διοέ
1616 1181 1694 1234 τῆς
1713 1173 1970 1237 ὀρσοθιῗρας
1989 1173 2131 1235 chemy,
2154 1181 2385 1224 ascendere
2406 1198 2489 1224 non
2507 1183 2645 1240 potuit
2664 1184 2705 1225 in

302 1254 570 1305 fenestras,
608 1266 748 1309 neque
779 1250 1085 1294 secundum
1117 1249 1320 1293 fenestras
1351 1250 1633 1295 adscendere
1663 1252 1722 1304 (v.
1754 1251 1780 1294 l.
1811 1251 1874 1308 l.).
1928 1251 2150 1295 Postremo
2181 1252 2254 1310 qui
2283 1245 2519 1307 θαλάμους
2544 1254 2706 1312 petivit,

301 1326 415 1372 idem
452 1324 574 1370 simul
615 1324 822 1368 fenestras
851 1331 998 1380 petere
1040 1322 1205 1376 (nnach
1236 1322 1317 1366 den
1344 1322 1575 1366 Kammern
1603 1326 1691 1367 und
1714 1325 1822 1367 nach
1851 1324 1933 1367 den
1960 1325 2158 1367 Fenstern
2185 1326 2493 1383 hc'naufstezyen
2508 1328 2551 1383 a)
2588 1334 2704 1371 recte

299 1415 386 1444 non
416 1398 596 1450 dicetur,
626 1397 660 1439 si
687 1396 740 1440 ad
770 1410 985 1439 armorum
1015 1395 1248 1438 thalamum
1277 1395 1404 1451 plano
1430 1395 1541 1450 pede
1568 1395 1828 1438 accedebant
1857 1395 2003 1452 (supra
2023 1412 2061 1450 p.
2084 1397 2151 1445 67,
2172 1412 2211 1438 V.
2235 1401 2285 1438 12
2307 1398 2416 1454 sqq.)
2435 1398 2501 1455 16).
2559 1399 2704 1450 Quare

303 1484 432 1529 supra
461 1485 502 1528 p.
523 1472 577 1511 48
600 1482 706 1526 sqq,
732 1466 802 1509 ubi
829 1466 968 1510 fusius
999 1466 1050 1509 de
1077 1464 1168 1524 ῥω,
1152 1465 1216 1510 ‘tv
1246 1465 1578 1523 disputavimus,
1608 1467 1778 1509 adducti
1807 1482 1952 1510 sumus
1980 1468 2089 1510 verti
2121 1475 2319 1523 oportere
2360 1485 2438 1510 ner
2467 1473 2567 1527 stieq
2595 1472 2704 1513 nach

301 1543 380 1586 den
415 1542 616 1584 Thalami
640 1555 685 1582 m
713 1541 775 1581 die
802 1538 940 1596 ῥωγες
968 1537 1180 1595 lemaufu,
1219 1537 1424 1580 thalamos
1454 1537 1668 1594 petiturus
1696 1537 1845 1596 ῥῶγας
1873 1538 2075 1582 ascendit.
2135 1534 2297 1594 Ρῶγας
2332 1547 2473 1583 autem
2504 1542 2704 1597 suspicati

299 1628 449 1658 sumus
476 1613 606 1656 fuisse
635 1612 775 1668 ipsum
803 1607 1006 1667 υπερῷον
1032 1610 1056 1652 i.
1079 1625 1116 1653 e.
1149 1608 1408 1666 superiorem
1434 1610 1790 1665 contignationem
1811 1610 1925 1653 illam
1945 1609 2089 1653 multis
2116 1610 2367 1661 nominibus,
2394 1619 2445 1654 ut
2470 1612 2706 1664 μεσοδμῶν

301 1693 386 1730 etc.
417 1693 520 1736 etc.,
549 1684 819 1741 appellatam.
876 1682 1002 1725 Hanc
1032 1682 1423 1740 interpretationem
1453 1681 1487 1724 si
1514 1680 1771 1739 probaveris,
1801 1680 2081 1725 Melanthium
2112 1681 2324 1738 intelliges
2354 1682 2405 1725 ab
2435 1684 2581 1727 eodem
2610 1684 2703 1727 loco

302 1759 416 1802 viam
446 1758 676 1813 incepisse,
713 1770 800 1812 quo
830 1761 874 1795 et
902 1755 977 1796 uni
1006 1768 1233 1811 procorum
1262 1768 1315 1796 ex
1343 1754 1503 1810 Agelai
1533 1754 1739 1798 sententia
1767 1759 1810 1798 et
1836 1752 2014 1798 Phemio
2043 1753 2110 1797 via
2138 1753 2377 1812 incipienda
2403 1753 2564 1799 fuisset.
2618 1754 2706 1799 Per

301 1825 537 1882 μεσόδμας
576 1828 706 1882 igitur
737 1826 995 1868 Melanthius
1033 1840 1205 1882 quoque
1243 1826 1296 1867 ad
1325 1826 1463 1867 scalas
1492 1817 1665 1883 λαύρας
1692 1838 1917 1882 progresus
1946 1831 2031 1877 est,
2071 1824 2146 1869 sed
2189 1831 2414 1882 postquam
2456 1840 2532 1883 per
2573 1826 2704 1871 scalas

305 1900 540 1953 descendit,
565 1900 653 1954 jam
684 1899 925 1940 interiorem
956 1893 1127 1953 λαύρας
1155 1905 1319 1954 partem
1350 1906 1393 1939 et
1423 1912 1499 1953 per
1525 1897 1697 1939 tertium
1727 1901 1779 1953 «ι’
1807 1897 1943 1955 ipsum
1973 1910 2185 1939 armorum
2215 1897 2446 1941 thalamum
2468 1899 2525 1953 (t)
2547 1897 2703 1955 petivit,

305 1979 454 2016 contra
493 1971 573 2013 illis
613 1987 691 2028 per
728 1971 906 2012 alterum
946 1979 989 2012 et
1017 1970 1198 2027 primum
1230 1974 1281 2024 q‘
1311 1970 1363 2011 ad
1395 1972 1448 2019 ¹7,
1479 1970 1520 2012 6
1548 1968 1809 2026 pergendum
1837 1967 1926 2010 fuit.
1982 1967 2081 2010 Jam
2111 1982 2211 2011 vero
2241 1969 2388 2025 capitis
2418 1968 2545 2026 hujus
2574 1969 2701 2013 finem

303 2045 445 2089 facere
490 2043 656 2095 liceret,
704 2041 783 2083 nisi
825 2041 973 2097 paucis
1017 2040 1314 2098 explicandum
1344 2048 1479 2090 esset,
1529 2055 1605 2082 cur
1637 2038 1887 2081 Vossianam
1914 2040 2301 2096 interpretationem
2332 2040 2519 2095 ejusdem
2549 2041 2609 2083 rei
2636 2041 2701 2085 ed.

305 2123 662 2172 stereotypae
703 2112 945 2170 adjunctam
987 2113 1168 2169 probare
1206 2126 1288 2155 non
1333 2112 1502 2168 possim.
1561 2110 1831 2168 Quamquam
1861 2110 1970 2154 enim
1999 2112 2180 2169 priorem
2211 2111 2324 2154 illam
2355 2112 2408 2155 de
2437 2112 2620 2155 clamore
2649 2128 2702 2156 ex

305 2188 428 2232 scalis
448 2186 637 2231 tollendo
658 2185 910 2229 sententiam
933 2185 1080 2242 (supra
1096 2200 1137 2242 p.
1153 2187 1219 2235 70,
1236 2199 1275 2227 V.
1291 2187 1330 2227 3.
1347 2188 1386 2227 4.
1402 2182 1454 2227 ab
1472 2182 1544 2227 inf.
1558 2183 1630 2237 m.)
1649 2190 1794 2241 postea
1814 2182 1864 2225 ab
1884 2182 1974 2239 ipso
1992 2183 2145 2227 Vossio
2168 2184 2398 2240 depositam
2420 2200 2509 2227 esse
2530 2201 2581 2227 ex
2602 2185 2703 2227 locis

304 2262 347 2302 in
377 2259 443 2302 ed.
472 2266 704 2301 stereot.
734 2258 787 2299 ad
817 2257 981 2299 literam
1011 2260 1036 2299 t
1066 2257 1203 2298 allatis
1233 2256 1506 2309 collegimus,
1551 2254 1771 2312 quaeritur
1800 2261 1936 2299 tamen
1967 2269 2020 2299 an
2051 2254 2180 2312 ipsius
2211 2262 2482 2312 stereotypae
2511 2255 2702 2299 editionis

306 2330 554 2373 deformatio
593 2337 721 2386 atque
758 2328 1050 2387 interpretatio
1093 2328 1259 2370 aedium
1290 2327 1542 2371 Ulixearum
1586 2327 1690 2371 bene
1734 2339 1830 2370 cum
1868 2333 2019 2382 poetae
2048 2326 2186 2371 verbis
2216 2325 2424 2370 concinat.
2481 2325 2532 2369 Id
2562 2327 2701 2383 ipsum

304 2418 409 2445 vero
449 2416 559 2457 nego
592 2404 635 2455 1)
672 2401 713 2440 in
744 2400 994 2442 Ulixcorum
1024 2399 1237 2441 sociorum
1268 2398 1335 2441 via
1364 2399 1417 2442 ad
1447 2412 1662 2442 armorum
1692 2396 1924 2442 thalamum
1967 2398 2090 2450 inita,
2135 2399 2234 2455 quia
2275 2397 2454 2441 Vossius
2490 2414 2702 2441 armorum

303 2474 538 2516 thalamum
567 2473 609 2513 in
638 2473 853 2528 superiore
881 2471 1048 2513 aedium
1078 2470 1394 2526 contignatione
1424 2470 1605 2514 collocat
1636 2471 1697 2523 (v,
1728 2470 1780 2512 ad
1808 2469 1869 2514 lit.
1896 2483 1939 2516 u
1967 2472 2165 2529 „Il-eppe
2183 2486 2231 2515 zu
2254 2469 2461 2528 Odysseus
2479 2469 2702 2516 Kammem

306 2546 438 2588 iiber
478 2546 589 2586 dem
638 2544 903 2600 Vorplatz
940 2543 1011 2585 des
1040 2543 1415 2595 Mdnnersaals“);
1463 2550 1629 2585 veteres
1672 2541 1920 2599 interpretes
1959 2551 2104 2586 autem
2135 2549 2178 2586 et
2206 2543 2336 2599 ipsius
2364 2551 2515 2600 poetae
2545 2543 2701 2587 descri-

305 2619 395 2675 ptio
424 2617 714 2660 demonstrare
742 2616 936 2657 videntur
965 2616 1020 2668 (v.
1052 2614 1223 2671 supra),
1262 2615 1495 2657 thalamum
1526 2614 1567 2656 in
1598 2613 1813 2669 superiore
1842 2615 2158 2669 contignatione
2189 2629 2287 2656 non
2322 2613 2453 2655 fuisse
2482 2619 2526 2666 2)
2556 2616 2598 2656 in
2636 2615 2702 2658 via

305 2687 382 2732 uni
420 2702 473 2731 ex
510 2688 654 2745 procis
683 2687 853 2742 Agelao
893 2692 1069 2728 auctore
1098 2685 1389 2742 suscipienda,
1431 2686 1546 2741 quod
1576 2684 1637 2736 ei,
1683 2685 1753 2740 qui
1781 2700 1855 2741 per
1883 2698 1926 2736 s,
1955 2689 1993 2735 t,
2023 2699 2064 2729 n
2092 2685 2145 2727 ad
2176 2684 2315 2727 aulam
2346 2684 2533 2741 effugere
2564 2685 2701 2741 vellet,

304 2767 422 2804 recte
442 2757 707 2802 Melanthius
736 2755 995 2813 respondere
1023 2772 1109 2798 non
1137 2766 1280 2812 posset
1311 2751 1434 2813 »ἄγχι
1460 2754 1546 2813 γὰρ
1576 2752 1708 2804 αἰνῶς
1724 2750 1882 2813 Αόλῆς
1910 2752 2023 2800 καλοὶ
2051 2749 2263 2814 θύρετρα.
2310 2755 2419 2809 Quo
2447 2757 2702 2814 propiora

307 2831 420 2874 enim
450 2830 554 2881 illi,
595 2830 686 2885 qui
716 2844 779 2872 ex
804 2831 830 2872 t
858 2843 1118 2882 egressus
1148 2837 1282 2877 erat,
1314 2822 1488 2884 αὐλῆς
1516 2819 1776 2884 θύρετρα
1805 2828 2054 2879 fuerunt,
2097 2843 2156 2871 eo
2186 2827 2441 2870 faciliora
2469 2828 2703 2871 fuerunt

307 2902 371 2946 ad
399 2901 781 2956 effugiendum,
813 2899 854 2942 id
877 2899 992 2955 quod
1013 2906 1128 2941 recte
1156 2898 1366 2941 intellexit
1393 2898 1662 2942 doctissimus
1682 2898 2007 2943 Doederleinius
2027 2900 2206 2942 Glossar
2234 2899 2316 2942 vol.
2337 2899 2395 2955 Π,
2424 2914 2464 2957 p.
2485 2902 2562 2943 341
2593 2907 2697 2944 extr.

444 3065 486 3107 ¹⁸)
510 3067 563 3099 Ne
586 3067 664 3108 quis
689 3067 889 3107 opinetur„
871 3060 1020 3115 ηᾶνέβαι
1023 3079 1057 3100 ιε
1082 3060 1154 3099 υἷι-α’
1177 3059 1314 3113 ῥὸγας·
1339 3074 1407 3096 non
1430 3074 1509 3097 esse
1533 3062 1713 3097 „ascendit
1735 3064 1777 3097 in
1801 3059 1940 3116 ῥὸγαςα
1944 3062 2039 3105 ,sed
2065 3062 2244 3097 sucendit
2267 3063 2303 3098 in
2327 3063 2443 3097 locum
2466 3062 2616 3116 aliquem
2639 3072 2701 3106 per

309 3119 428 3174 ῥόγας
450 3124 612 3159 enitens⁶⁸
617 3148 625 3164 ,
652 3123 725 3157 sive
749 3118 836 3172 ῥὸγ
840 3137 901 3166 ς.
884 3124 1019 3156 „scalae
1044 3133 1065 3154 a
1087 3122 1280 3155 Melanthio
1302 3123 1390 3153 aceli
1394 3127 1516 3154 natae«
1542 3121 1681 3160 fuerint,
1705 3122 1733 3153 si
1737 3132 1775 3153 ve
1799 3123 1895 3163 tigna
1920 3088 2061 3153 ciaticii
2085 3121 2247 3162 parietis,
2271 3122 2308 3152 in
2333 3129 2402 3163 quo
2427 3112 2558 3170 ὀρσοθ
2582 3126 2701 3163 aperta

309 3186 450 3224 επὶ,-
463 3180 516 3214 sic
539 3188 696 3214 occurro.
744 3178 954 3214 Alterutrum
978 3178 1010 3214 si
1034 3173 1143 3229 ρὅς
1167 3177 1618 3222 significarent,1oous,in
1646 3189 1744 3221 quem
1767 3180 1958 3213 Melanthia
1940 3191 1979 3212 us
2003 3180 2230 3221 ascendisset,
2254 3180 2393 3212 omnino
2409 3184 2700 3212 commemoratus

309 3248 378 3271 non
411 3241 523 3278 esset,
557 3238 648 3279 quod
681 3236 768 3269 mihi
798 3237 937 3279 quidem
970 3237 1180 3279 displiceret.
1228 3235 1282 3268 Ad
1312 3235 1380 3269 hoe
1410 3239 1442 3273 oi
1475 3230 1749 3287 σχηματίζοντες
1779 3232 1844 3282 τὰς
1867 3231 1989 3286 οᾶγας
2018 3234 2097 3272 τοῦ
2118 3241 2242 3273 οἴκου
2264 3236 2363 3269 Eust-
2391 3237 2488 3274 1921,
2514 3238 2559 3269 54
2583 3235 2702 3278 (supra.

309 3305 389 3338 pag.
413 3297 470 3335 48,
495 3306 525 3327 v.
551 3296 585 3337 9)
609 3295 633 3326 i.
657 3305 687 3327 e.
709 3294 882 3333 homines,
908 3295 968 3335 qui
991 3295 1086 3326 omni
1110 3303 1218 3335 opera
1240 3294 1274 3325 iu
1302 3293 1368 3326 hae
1391 3294 1595 3336 quaestione
1619 3293 1847 3336 enitebantur,
1870 3302 1983 3335 neque
2007 3293 2119 3328 scalas
2141 3299 2216 3327 tum
2242 3302 2265 3325 a
2286 3291 2476 3326 Melanthio
2499 3293 2699 3334 acclinataa,

309 3361 422 3395 neque
445 3352 559 3397 tigilla
583 3351 753 3394 quaedam
776 3349 1001 3385 adumbrasse
1025 3349 1194 3384 videntur.
