2955 3681
1318 147 1382 196 29

816 955 1051 1020 Altera
1086 972 1245 1038 pars
1284 952 1868 1019 commentationis

934 1110 1047 1212 „de
1102 1108 1338 1186 aedibus
1397 1105 1775 1184 Homericis“-

995 1289 1068 1343 ad
1105 1288 1277 1342 finem
1315 1289 1654 1360 perducitur.
1682 1289 1708 1316 *

297 1575 493 1623 Μεσόδ
501 1596 601 1634 μαι
628 1578 757 1623 καλαί
786 1580 951 1622 duobus
972 1580 1192 1636 Odysseae
1222 1581 1324 1623 locis
1354 1588 1753 1623 commemorantur.
1815 1583 1878 1630 19,
1908 1583 1958 1622 37
1981 1580 2263 1623 Telemachus
2291 1595 2387 1622 cum
2416 1590 2536 1638 patre
2586 1591 2802 1644 Devoeibuf

161 1668 276 1697 arma
303 1655 355 1695 ad
384 1654 614 1696 thalamum
642 1642 824 1709 portavit
854 1659 909 1702 et,
940 1667 1071 1708 quum
1102 1667 1200 1695 eum
1230 1652 1398 1695 falleret
1420 1653 1614 1696 Minerva
1645 1654 1858 1695 lucernam
1884 1652 2137 1707 praeferens,
2167 1652 2352 1693 divinum
2378 1653 2532 1702 lumen,
2556 1637 2745 1730 ffffi‘ffgm'
2765 1649 2830 1717 3*-

161 1740 244 1782 quo
274 1739 419 1767 omnes
449 1726 539 1767 oeci
568 1733 707 1780 partes
737 1722 1113 1774 collustrarentur',
1143 1723 1371 1766 admiratus
1402 1732 1465 1766 est
1494 1725 1558 1766 his
1588 1724 1726 1767 verbis
1757 1716 1833 1766 2'52
1861 1719 2025 1781 πάτερ,
2069 1716 2093 1781 ἦ
2118 1722 2228 1777 μέγα
2256 1724 2415 1774 θαῦμα
2441 1717 2534 1766 τόδ’
2557 1696 2828 1780 gamos-:5214-

160 1790 466 1853 ὀφθαλμοῖσιν
501 1792 688 1853 ὁρῶμαι.
734 1789 907 1852 ’Ἑμπης
948 1809 1028 1847 μοι
1065 1797 1209 1847 τοῖχοι
1245 1790 1451 1851 μεγάρων
1486 1793 1654 1838 καλαί
1687 1810 1735 1837 τε
1769 1790 2043 1848 μεσόδμαι
2082 1788 2311 1837 Eudami
2336 1809 2385 1837 τε
2413 1794 2534 1838 δοκοὶ
2559 1777 2828 1868 ἔσξῗᾟζζῖγᾞ

160 1868 234 1911 καὶ
278 1868 419 1918 κίονες
458 1863 592 1926 ὐψόσ’
634 1864 804 1921 ἔχοντες
841 1867 1035 1911 Φαίνοντ’
1071 1860 1329 1923 ὀφθαλμοῖς
1371 1862 1433 1916 αἷς
1470 1864 1512 1909 εἰ
1538 1865 1679 1923 πυρὸς
1707 1863 1980 1920 αἰθομένοιο.
2037 1867 2189 1909 Altero
2219 1868 2312 1909 loco
2343 1871 2418 1918 20,
2456 1873 2536 1910 354
2572 1866 2735 1919 nomine3
2772 1864 2814 1898 (¹⁸

159 1939 501 1994 Theoclymenus
532 1946 650 1982 vates
679 1940 816 1994 procis
846 1946 1017 1995 propter
1045 1938 1182 1981 tristia
1212 1953 1260 1980 ac
1288 1938 1456 1981 funesta
1485 1946 1702 1994 portenta,
1746 1953 1853 1994 quae
1885 1946 2119 1995 spectaret,
2159 1938 2334 1980 exitium
2377 1938 2537 1982 denun-
2596 1913 2793 1959 ⁰96⁰¹⁹vesb

161 2010 276 2051 tiavit
305 2018 348 2052 et
377 2012 485 2052 inter
514 2010 593 2052 alia
621 2017 807 2052 monstra
837 2010 978 2052 fatalia
1006 2010 1107 2051 haec
1136 2010 1274 2052 attulit
1304 2026 1314 2052 ε
1342 2007 1516 2060 Αἵματι
1546 2009 1584 2051 δ’
1614 2001 1857 2066 ἐρράδαται
1894 2011 2034 2061 τοῖχοι
2074 2007 2242 2051 καλαί
2284 2023 2338 2050 τε
2375 2006 2537 2063 μεσό-

162 2080 318 2133 δμαι.
378 2081 523 2134 Quum
553 2097 605 2124 ex
635 2089 787 2137 poetae
830 2082 965 2124 verbis
1004 2088 1186 2136 utroque
1231 2082 1322 2123 loco
1361 2082 1461 2123 nihil
1498 2089 1613 2124 recte
1652 2091 1851 2136 cogatur,
1905 2080 1982 2122 nisi
2020 2090 2161 2137 partes
2202 2084 2405 2138 quasdam
2450 2086 2537 2126 oeci

157 2152 390 2203 μεσοδμῶν
426 2168 530 2195 voce
569 2153 796 2208 designari,
835 2154 1087 2208 interpretes
1126 2151 1303 2201 mirum,
1346 2160 1548 2206 quantum
1580 2151 1866 2199 discesserint,
1904 2152 1954 2192 cf.
1995 2152 2131 2193 varias
2167 2155 2537 2208 interpretationes
2593 2196 2596 2199 Δ

160 2224 272 2279 apud
294 2225 530 2266 Ameisium
560 2224 612 2267 de
632 2223 916 2267 Doederleinii
942 2224 1144 2278 glossario
1174 2223 1455 2279 disputantem
1484 2222 1700 2265 Muetzell.
1756 2222 1804 2264 Z.
1825 2226 1867 2278 f
1899 2223 1949 2264 G.
1979 2226 2016 2265 8.
2045 2224 2193 2281 Jahry.
2225 2226 2375 2268 Berlin
2408 2228 2538 2282 1854,

152 2311 198 2351 p.
226 2296 329 2337 640.
388 2296 594 2338 Veterum
634 2303 773 2339 tamen
804 2297 1083 2353 interpretum
1113 2296 1361 2345 sententias,
1401 2295 1590 2351 quamvis
1630 2295 1769 2336 variae
1801 2295 1901 2345 sint,
1939 2298 1996 2338 ita
2038 2312 2160 2352 posse
2191 2299 2388 2354 explicari
2418 2309 2536 2354 puto,

158 2374 205 2408 ut
234 2374 276 2409 et
303 2366 414 2409 inter
444 2382 488 2409 se
518 2368 618 2410 satis
649 2376 887 2423 congruant
915 2375 960 2411 et
989 2367 1037 2409 ab
1065 2366 1242 2410 Homeri
1270 2366 1369 2408 locis
1401 2381 1528 2423 supra
1556 2365 1694 2409 allatis
1722 2368 1891 2409 minime
1921 2367 2081 2411 alienae
2113 2369 2206 2411 sint.
2265 2370 2393 2422 Quod
2422 2381 2538 2414 ante·

159 2453 285 2493 quam
317 2454 529 2492 conemur,
561 2439 646 2482 duo
676 2449 876 2482 auctores
906 2439 1189 2489 adhibeamus,
1220 2438 1290 2495 qui
1319 2439 1359 2479 in
1387 2438 1616 2479 continenti
1638 2439 1825 2481 oratione
1848 2440 1926 2481 hac
1948 2455 2052 2482 voce
2074 2442 2134 2481 usi
2157 2451 2268 2491 sunt,
2299 2445 2536 2500 interpretis

158 2524 331 2552 munere
371 2509 508 2552 functi
548 2526 630 2553 non
669 2520 775 2553 sunt.
834 2510 1007 2561 Prior,
1047 2510 1422 2566 Hippocrates
1450 2508 1554 2565 περὶ
1595 2503 1782 2565 ἄρθρων
1811 2511 1952 2563 (Tom.
1983 2511 2071 2562 IV,
2113 2528 2152 2567 p.
2184 2517 2262 2555 288
2294 2523 2334 2555 et
2362 2518 2444 2556 290
2472 2518 2535 2558 ed.

157 2579 293 2622 Littre
321 2580 443 2623 Paris
478 2585 612 2635 1844),
643 2581 716 2624 ubi
745 2590 936 2635 enarrat,
968 2597 1051 2638 quo
1081 2581 1207 2623 modo
1237 2580 1373 2623 femur
1401 2583 1492 2622 κατ’
1521 2576 1660 2633 ἰσχίον
1690 2581 1881 2623 luxatum
1912 2582 1951 2623 in
1984 2583 2119 2625 locum
2151 2586 2435 2640 reponendum
2468 2589 2533 2635 sit,

158 2650 215 2691 ita
244 2666 253 2690 :
286 2648 552 2706 »Κρεμοίσαι
581 2644 663 2710 χρή
687 2647 761 2694 τόν
789 2647 1031 2708 ἄνθρωπον
1056 2653 1143 2694 τῶν
1169 2652 1323 2694 ποδῶν
1351 2646 1490 2709 πρὸς
1516 2645 1794 2708 μεσόδμην
1822 2654 1973 2708 δεσμῷ
2001 2655 2169 2709 δυνατῷ
2196 2656 2285 2707 μὲν,
2313 2656 2537 2714 μαλθακῷ

158 2718 208 2761 δὲ
236 2721 308 2764 καὶ
338 2716 508 2772 πλάτος
537 2720 703 2776 ἔχοντι·
732 2721 838 2774 τούς
867 2722 917 2767 δὲ
946 2716 1090 2773 πόδας
1119 2722 1276 2777 διέχειν
1301 2719 1394 2780 χρῆ,
1423 2717 1529 2766 ὅσον
1555 2724 1772 2781 τέσσαρας
1800 2719 2036 2776 δακτύλους
2065 2722 2140 2770 (ἐπ’
2169 2722 2378 2785 α’λλήλων,
2409 2725 2432 2785 ἢ
2460 2733 2531 2775 καὶ

156 2788 340 2834 ἔλασσον
356 2807 366 2815 ·
395 2789 479 2852 χρή
503 2795 552 2837 δὲ
579 2795 651 2838 καὶ
672 2791 907 2839 ἐπάνωθεν
933 2797 1019 2838 τῶν
1045 2794 1325 2850 ἑπιγουνίδων
1352 2796 1824 2853 προςπεριβεβλῆσθαι
1852 2799 2012 2842 πλατεῖ
2035 2795 2180 2852 ἱμάντι
2209 2800 2279 2843 καὶ
2300 2802 2533 2860 μαλθακῷ,

157 2858 490 2908 α’νατείνοντι
524 2865 576 2917 ἐς
606 2862 698 2926 τήν
724 2864 1051 2925 μεσόδμην·.
1077 2866 1126 2910 τὸ
1156 2866 1206 2910 δὲ
1235 2867 1387 2918 σκέλος
1413 2863 1462 2910 τό
1491 2867 1666 2925 σιναρόν
1693 2864 1954 2913 ἐντετάσθαι
1983 2869 2067 2928 χρή
2094 2869 2153 2921 οἷς
2182 2865 2262 2914 δύο
2294 2867 2534 2928 δακτύλους

269 3102 301 3143 ⁸)
328 3102 454 3134 Annot.
503 3103 714 3146 Paginarum
739 3115 902 3138 numerus
929 3116 997 3138 non
1023 3107 1064 3138 ad
1089 3106 1301 3139 scholastica
1325 3107 1407 3138 anni
1436 3108 1521 3140 1856
1548 3107 1703 3149 exempla
1727 3109 2001 3141 accommodatus
2027 3115 2090 3150 est,
2115 3122 2203 3152 quae
2228 3113 2270 3145 ab
2302 3116 2531 3148 undecima

156 3160 281 3200 pagina
306 3161 522 3199 inceperunt,
547 3164 722 3194 tricesima
746 3165 892 3205 septima
916 3164 1097 3196 terminata
1122 3170 1211 3203 sunt,
1236 3164 1295 3196 sed
1317 3165 1359 3196 ad
1382 3174 1422 3196 ea
1448 3165 1611 3206 exempla,
1638 3174 1723 3204 quae
1747 3174 1900 3197 seorsum
1927 3167 2017 3198 edita
2042 3175 2120 3199 sunt
2145 3178 2359 3212 quorumque
2385 3174 2531 3215 paginae

157 3224 178 3246 8
200 3216 337 3256 primo
361 3227 502 3249 numero
527 3229 634 3259 usque
659 3221 701 3251 ad
726 3222 927 3253 vicesimum
953 3223 1132 3262 septimum
1157 3228 1191 3253 et
1209 3222 1238 3253 si
1260 3221 1412 3253 ultimam
1432 3223 1603 3262 (vacuam)
1617 3223 1776 3263 paginam
1795 3224 1908 3263 addas,
1933 3224 1975 3254 ad
1995 3226 2316 3258 duodetricesimum
2338 3237 2530 3262 excurrunt.

158 3270 271 3311 Quum
302 3274 443 3306 eandem
475 3285 694 3308 numerorum
727 3287 881 3310 normam
914 3283 1050 3309 secutus
1076 3279 1157 3317 sim,
1189 3279 1217 3310 si
1242 3280 1299 3319 qui
1325 3279 1389 3310 loci
1415 3289 1433 3310 e
1458 3279 1625 3319 prioribus
1648 3278 1786 3310 alterius
1812 3282 2110 3313 commentationis
2139 3284 2282 3324 plagulis
2308 3286 2401 3320 (anni
2431 3289 2531 3329 1856)

156 3327 321 3360 afferendi
345 3334 461 3371 erant,
493 3332 536 3375 is,
569 3333 625 3374 qui
662 3334 940 3368 scholastico
969 3336 1058 3367 illius
1083 3336 1162 3368 anni
1187 3335 1342 3377 exemplo
1367 3340 1497 3374 utetur,
1528 3341 1705 3376 antequam
1732 3336 1883 3383 evolvat,
1917 3337 2062 3370 decem
2097 3340 2137 3371 de
2162 3342 2363 3382 paginarum
2389 3354 2531 3377 numero

157 3385 356 3418 deducet

1976 3457 1999 3494 5
