2955 3681
1435 74 1500 121 49

271 223 399 283 parte
425 226 512 268 aive
541 223 594 266 ab
622 229 809 278 utraque
837 229 1026 280 apertas,
1056 229 1100 264 et
1127 221 1199 278 qui
1227 234 1298 265 eas
1324 220 1613 279 praeterierit,
1639 226 1757 262 recte
1785 219 1866 261 dici
1891 217 2059 274 βαίνειν
2084 212 2171 261 α’νᾰ
2194 211 2279 269 τᾰς
2305 212 2450 277 &abac
2476 220 2502 262 i.
2532 235 2568 264 e.
2595 220 2659 264 ire

276 295 514 342 secundum
550 294 785 346 fenestras,
823 301 964 337 tamen
999 286 1273 348 ἅναβαίνειν
1306 285 1391 336 aim*
1420 306 1459 336 τ.
1484 290 1547 350 ῤ.,
1585 291 1836 349 praesertim
1874 291 2137 350 comparanti
2164 283 2233 335 ἄν’
2258 283 2517 350 ὀρσοθύρην
2542 285 2658 337 οἶνο-

274 366 404 426 βαίη,
442 366 591 409 eadem
630 366 838 409 sententia
872 373 1068 409 accurate
1103 366 1259 409 dictum
1296 367 1380 406 nou
1407 364 1627 429 videbitur.
1685 363 1894 407 Confecto
1923 364 2065 420 potins
2092 377 2272 407 ascensu
2301 364 2508 408 fenestras
2536 378 2657 422 prae·

277 440 403 484 teriit.
458 437 598 481 Etiam
629 439 771 481 »nacla
795 439 872 481 den
897 437 1095 481 Fen-stem
1122 436 1340 494 binaufu,
1380 437 1415 478 si
1454 443 1570 479 recte
1606 437 1666 479 ita
1694 436 1862 479 dicatur
1889 428 2142 489 ἀναβαίνειν
2168 429 2252 479 α’νά
2279 452 2344 489 τι,
2381 436 2565 480 alienum
2593 446 2661 480 eat

275 518 452 568 propter
484 505 532 561 ἐς
566 500 802 563 θαλάμους
832 509 958 565 juxta
993 510 1190 567 positum.
1247 508 1394 563 Quum
1436 509 1546 552 enim
1588 508 1848 553 Melanthius
1888 509 2026 552 dictus
2069 518 2181 552 esset
2221 503 2457 562 θαλάμους
2495 517 2658 567 petere,

276 595 635 638 supervacaneum
675 588 766 624 erat
803 580 958 624 addere
996 581 1175 625 alterum
1211 581 1377 630 locum,
1419 595 1543 636 quem
1580 587 1758 638 peteret.
1793 604 1837 611 —
1871 579 1996 632 Quae
2024 579 2097 636 qui
2124 580 2423 624 intellexerunt
2448 580 2660 637 iidemque

276 646 498 710 ρἡματος
525 653 610 695 vim
639 652 682 698 in
710 643 850 708 ρωγός
876 668 980 696 voce
1007 667 1178 696 servare
1205 651 1459 700 voluerunt,
1495 651 1625 708 ipsam
1663 644 1931 708 ὀρσοθύραν
1960 649 2175 708 »pairac«
2214 650 2418 709 appellari
2446 651 2659 695 dixerunt·

278 724 342 767 At
369 737 493 767 nemo
521 738 605 767 non
636 724 752 768 videt
779 723 914 780 ipsum
939 723 1098 780 januae
1128 722 1239 766 illius
1267 721 1414 766 fissum
1434 721 1613 780 (ῥῆγμα)
1631 721 1789 781 plurali
1818 737 1997 766 numero
2027 732 2124 781 apte
2151 737 2238 766 non
2266 721 2483 766 nominari.
2510 722 2659 780 Itaque

276 795 469 846 fuerunt,
499 795 571 852 qui
597 793 650 838 τό
679 794 826 851 ῥῶγας
855 795 1056 851 singulari
1085 808 1262 838 numero
1290 793 1568 852 praeferrent,
1598 792 1838 838 dubitanter
1866 801 2030 845 tamen,
2075 803 2121 837 ut
2149 793 2274 838 Philo
2303 794 2472 851 quidam
2502 794 2568 837 Et.
2597 794 2659 837 M.

277 869 344 922 99,
370 870 395 912 5
424 867 520 911 coll.
550 867 672 910 Eust.
706 869 823 918 1922,
850 871 891 919 4,
921 874 964 911 et
991 873 1137 910 contra
1166 865 1443 922 plurimorum
1471 865 1748 924 interpretum
1778 864 2096 918 auctoritatem,
2125 881 2162 910 v.
2193 865 2339 924 Apoll.
2369 869 2436 917 30,
2466 867 2517 908 27
2548 864 2660 910 aar&

276 933 329 981 τό
356 934 664 996 πληθυντικόν.
723 939 795 982 Ad
831 939 910 982 hoc
947 937 1132 989 accedit,
1177 937 1293 995 quod
1330 946 1525 981 auctores
1557 937 1647 980 τῶν
1681 935 1887 981 παλαιῶν
1922 936 2216 995 καταγραφῶν
2256 930 2579 995 »ὀρσοθύρανα
2619 946 2662 981 et

276 1009 424 1069 ῥῶγας
452 1010 760 1060 discernebant,
790 1026 827 1054 ν.
857 1026 954 1068 pag.
974 1014 1043 1061 48,
1073 1025 1111 1052 v,
1139 1012 1165 1052 9
1185 1033 1237 1041 —-
1257 1008 1310 1052 Ei
1338 1023 1453 1061 vero,
1481 1008 1552 1067 qui
1580 1011 1638 1065 (v,
1667 1025 1795 1068 supra
1822 1009 1905 1066 4.))
1934 1002 2016 1052 α’νοὶ
2045 1008 2192 1068 ῥῶγας
2217 1002 2431 1067 μεγάροιο
2459 1012 2662 1068 interpre—

278 1082 479 1125 tabantur
508 1096 609 1139 „per
642 1081 777 1125 scalas
808 1080 875 1125 vel
905 1096 980 1137 per
1009 1080 1165 1137 gradus
1195 1080 1427 1123 scalarum“
1460 1089 1535 1124 ant
1562 1080 1696 1124 multo
1726 1081 1938 1125 diversum
1970 1081 2178 1139 opinionis
2208 1097 2312 1124 suae
2340 1081 2661 1124 fundamentum

273 1155 490 1209 jecerunt,
534 1161 736 1209 negantes
776 1151 1055 1196 Melambium
1099 1145 1162 1194 ἄν’
1189 1145 1451 1210 ὀρσοθιῖραν
1487 1146 1719 1210 οἷναβῆναι,
1762 1162 1834 1195 aut
1871 1152 1987 1196 obliti
2024 1161 2146 1205 sunt,
2188 1152 2230 1196 id
2259 1152 2374 1209 quod
2403 1152 2660 1210 gravissimis

277 1217 520 1269 testimoniis
550 1232 595 1268 et
620 1223 722 1282 ipsis
750 1224 880 1268 rebus
909 1223 961 1267 ab
985 1224 1171 1268 Homero
1200 1224 1364 1268 traditis
1392 1234 1569 1276 constat,
1600 1228 1657 1278 (v.
1676 1224 1802 1280 infra)
1829 1218 2090 1283 ὄρσο-’θύραν
2116 1225 2240 1269 scalis
2265 1227 2464 1269 caruisse.
2494 1249 2545 1256 —
2574 1226 2660 1280 Qui

278 1299 443 1340 malunt
470 1297 709 1353 intelligere
735 1291 816 1346 τοὶς
840 1296 921 1353 τῆς
949 1292 1095 1346 οἰκίας
1123 1293 1301 1347 διόδους
1334 1296 1380 1339 ἐν
1412 1300 1506 1347 τοῖς
1542 1290 1765 1354 ὑπερῴοις
1802 1298 1946 1348 οἴκοις
1984 1307 2027 1341 et
2062 1290 2147 1340 ἆνοὲ
2182 1295 2358 1347 στενοῦς
2390 1290 2582 1349 τόπους,
2621 1314 2659 1340 v.

281 1384 407 1425 supra
440 1373 496 1423 l.)
526 1378 570 1411 et
597 1368 681 1422 5.),
723 1384 807 1410 non
843 1377 927 1410 tam
969 1368 1086 1411 vocis
1123 1370 1358 1420 notionem,
1401 1384 1529 1426 quam
1566 1371 1675 1412 viam
1716 1386 1741 1412 a
1770 1370 2003 1412 Melanthio
2034 1369 2176 1415 initam
2206 1369 2419 1426 explicare
2446 1369 2657 1413 videntur.

278 1439 478 1483 Continet
505 1439 615 1482 enim
645 1437 849 1495 ὑπερῷον
874 1431 1069 1496 μεγάρου
1097 1440 1216 1490 illud,
1247 1440 1372 1497 quale
1401 1456 1529 1497 supra
1558 1441 1867 1498 descripsimus,
1885 1466 1928 1472 —
1947 1435 2159 1497 μεσόδμη,
2187 1439 2392 1497 κατῆλιψ,
2419 1433 2660 1498 κρεμόθρα

277 1537 330 1544 -
360 1511 559 1567 quodque
599 1511 878 1553 Melambium
916 1511 1152 1553 ascendisse
1187 1527 1211 1553 a
1246 1512 1374 1554 rebus
1410 1514 1614 1555 enarratis
1653 1528 1737 1555 non
1766 1513 1987 1562 abhorret,
2033 1527 2081 1554 re
2126 1527 2224 1557 vera
2270 1507 2445 1561 στενοὺς
2483 1507 2660 1563 τόπους,

280 1582 487 1632 continet,
521 1590 571 1625 ut
597 1581 639 1623 in
668 1583 804 1639 capite
833 1582 886 1624 de
915 1575 1153 1639 ὀρσοθύρᾳ
1181 1583 1365 1634 docebo,
1404 1583 1592 1640 duplices
1620 1583 1754 1633 fores,
1795 1579 1985 1632 διόδους.
2042 1580 2280 1638 Significari
2308 1583 2436 1638 igitur
2463 1592 2660 1641 putamus

279 1668 382 1697 voce
418 1652 570 1712 ρωγῶν
609 1653 781 1711 ipsum
825 1650 1089 1711 ὑπερῷον,
1138 1669 1269 1711 quum
1308 1654 1365 1698 ita
1399 1662 1517 1699 recte
1556 1655 1720 1698 dicatur
1749 1654 2011 1699 Melanthius
2040 1647 2103 1697 ἄν’
2130 1647 2388 1710 ὀρσοθύραν
2416 1648 2663 1707 α’ναβαίνων

279 1725 519 1768 ascendisse
549 1717 633 1766 α’νοὶ
660 1724 819 1782 ῥῶγας.
877 1716 975 1768 Hoc
1006 1726 1176 1768 demum
1207 1726 1358 1776 modo,
1389 1726 1464 1768 nisi
1494 1726 1631 1769 omnia
1660 1741 1685 1770 e
1713 1726 1805 1769 sola
1833 1725 2080 1781 conjectura
2108 1726 2292 1783 pendere
2321 1733 2507 1776 statues,
2548 1726 2662 1782 cogi·

277 1797 439 1839 tatione
469 1795 696 1853 complecti
724 1796 905 1852 poteris,
944 1797 1014 1852 qui
1042 1797 1202 1839 factum
1232 1797 1306 1846 sit,
1347 1805 1396 1838 ut
1424 1805 1511 1839 tam
1541 1798 1699 1840 multae
1727 1805 1899 1852 tamque
1928 1796 2118 1839 diversae
2148 1797 2259 1839 inter
2287 1811 2331 1840 se
2359 1796 2578 1854 opiniones
2607 1796 2661 1839 ab

280 1866 462 1923 antiquis
491 1867 666 1908 Graecis
697 1867 749 1908 ad
780 1882 856 1909 nos
886 1868 1062 1909 traditae
1091 1867 1194 1917 sint,
1233 1867 1316 1909 hoc
1351 1867 1476 1909 modo
1511 1867 1740 1924 intelliges,
1784 1883 1860 1910 cur
1894 1876 2043 1911 auctor
2082 1868 2250 1911 obscuri
2289 1867 2402 1911 illius
2436 1868 2583 1911 scholii
2620 1868 2661 1910 in

279 1938 457 1981 Theocr.
490 1942 553 1989 13,
585 1942 634 1978 13
668 1930 961 1987 αἰθαλόεντας
997 1938 1143 1994 ῥῶγας
1178 1946 1252 1980 aut
1287 1936 1366 1995 τήν
1403 1932 1531 1982 δοκόν
1568 1946 1641 1980 aut
1668 1939 1801 1981 simile
1830 1940 1932 1994 quid
1959 1939 2116 1981 habere
2145 1940 2346 1996 potuerit.
2404 1939 2503 1981 Hoc
2532 1938 2661 1994 igitur

279 2018 470 2053 tenemus
500 2024 644 2052 eorum
675 2010 955 2065 interpretum
986 2009 1248 2059 sententiam,
1279 2010 1351 2065 qui
1380 2009 1520 2052 dicant
1548 2009 1828 2051 Melanthium
1857 2010 2061 2052 thalamos
2091 2020 2300 2067 petentem
2323 2007 2406 2059 τοὶς
2421 2004 2496 2065 τῆς
2513 2006 2660 2058 οἰκίας

279 2074 488 2138 ὐπορῴας
514 2075 691 2130 διόδους
716 2082 944 2132 transiisse,
974 2080 1134 2138 optime
1161 2081 1383 2124 convenire
1412 2083 1464 2124 ad
1495 2097 1583 2123 rem
1614 2081 1667 2123 ab
1696 2080 1886 2123 Homero
1914 2091 2149 2124 enarratam
2179 2081 2248 2137 (cf.
2272 2082 2324 2123 de
2344 2081 2464 2123 aedd.
2485 2081 2519 2132 1,
2550 2084 2654 2139 p.31

280 2155 359 2197 sub
389 2160 498 2197 extr.
528 2162 668 2196 annot.
698 2153 794 2195 coll.
827 2152 1064 2196 Schneideri
1095 2154 1300 2210 Epimetr.
1328 2153 1370 2196 in
1399 2153 1513 2196 Xen.
1541 2153 1669 2196 Mem.
1698 2153 1763 2196 ed.
1796 2156 1915 2203 1801,
1943 2168 1982 2210 p.
2012 2157 2113 2204 272,
2143 2153 2266 2209 cujus
2297 2154 2504 2196 sententia
2534 2153 2660 2210 paulo

280 2225 444 2269 deflexa
471 2240 539 2268 me
558 2241 595 2268 a.
619 2228 725 2267 1844
744 2225 883 2282 fugit).
918 2226 1147 2282 Reliquum
1176 2234 1252 2275 est,
1282 2235 1333 2268 ut
1359 2225 1646 2283 primigeniam
1676 2224 1793 2266 vocis
1820 2223 1974 2281 ρωγοῖν
1999 2226 2080 2267 vim
2111 2224 2359 2268 definiamus
2386 2234 2429 2267 et
2456 2226 2661 2268 rationem

280 2297 554 2354 explicemus,
583 2312 668 2353 qua
696 2297 845 2340 eadem
873 2313 957 2340 vox
987 2297 1039 2340 ad
1067 2306 1131 2340 tot
1158 2296 1484 2353 significationes
1514 2297 1701 2353 potuerit
1730 2296 1958 2340 transferri.
2184 2334 2206 2350 μ

409 2364 570 2424 Ῥῶγας
607 2383 631 2410 a
666 2360 846 2425 ρήγνυμι
884 2367 1116 2423 appellatas
1155 2382 1244 2411 esse
1277 2368 1366 2425 jam
1396 2368 1589 2411 Eustath.
1618 2382 1659 2424 p.
1687 2371 1784 2418 484,
1813 2370 1839 2408 3
1868 2376 1912 2409 et
1944 2370 2061 2418 1922,
2090 2374 2118 2411 4
2140 2355 2343 2419 ”ι”ιιιιιοιιιῑ,
2382 2381 2518 2424 neque
2547 2367 2661 2423 quis-

281 2455 409 2497 quam
439 2440 539 2494 erit,
569 2438 640 2497 qui
668 2438 751 2483 hoc
781 2438 955 2483 dubitet.
1015 2438 1282 2483 Vocabulum
1312 2448 1457 2483 autem
1487 2440 1539 2483 ab
1567 2440 1715 2483 eadem
1748 2440 1879 2496 stirpe
1909 2440 2112 2493 ductum,
2155 2442 2196 2483 in
2226 2456 2308 2497 quo
2339 2439 2517 2496 simplex
2546 2454 2661 2482 rum-

279 2512 409 2568 pendi
437 2512 498 2554 vis
527 2511 643 2564 insit,
686 2520 734 2554 ut
762 2511 803 2553 in
831 2510 997 2570 ῥῆγμα,
1026 2502 1155 2569 ῥαγὴ,
1184 2503 1324 2570 ρωγή,
1352 2509 1549 2570 ρωγμός,
1579 2503 1777 2570 ῥωχμός,
1816 2505 1990 2571 ῥωγμῆ,
2027 2509 2205 2570 ρωχμή,
2240 2514 2280 2554 in
2312 2512 2477 2555 Graeca
2503 2511 2662 2568 lingua,

282 2582 395 2639 quod
424 2582 573 2633 sciam,
614 2599 638 2625 a
666 2583 782 2625 nullo
807 2583 884 2625 nisi
912 2583 962 2625 ab
991 2582 1288 2640 interpretibus
1317 2582 1432 2625 vocis
1458 2582 1614 2641 ῥωγῶν
1641 2585 1694 2626 ad
1723 2584 1932 2627 fenestrae
1961 2585 2087 2627 rimas
2114 2584 2380 2627 transfertur.
2437 2582 2561 2625 Certe
2589 2583 2661 2638 qui

279 2652 444 2710 scripsit
471 2648 672 2712 ῥήγματα
699 2654 927 2704 ποιοῦντες
954 2652 997 2697 ἐν
1022 2656 1115 2703 τοῖς
1138 2653 1309 2707 τοίχοις
1333 2653 1406 2697 καὶ
1436 2649 1514 2697 διιὶ
1538 2654 1624 2696 τῶν
1661 2650 1958 2714 ὑπαρχουσῶν
1988 2655 2185 2712 θυρίδων
2210 2649 2460 2707 τοξεύοντες
2488 2652 2661 2710 (Polyb.

279 2724 406 2775 XIII,
435 2729 461 2768 6
490 2725 631 2781 extu),
659 2718 860 2783 ῥήγματα
886 2726 912 2768 i.
941 2740 978 2767 e.
1006 2724 1106 2767 fissa
1133 2725 1341 2768 violenter
1367 2725 1483 2768 facta
1509 2740 1536 2768 a
1561 2726 1754 2769 fenestris
1782 2728 1959 2771 discerni
1988 2728 2133 2768 voluit.
2188 2726 2287 2781 Ipsa
2316 2740 2399 2767 vox
2423 2722 2570 2781 ῥωγός
2598 2732 2663 2767 est

284 2794 327 2852 l)
356 2794 488 2838 suida
516 2803 559 2838 et
586 2795 796 2839 Favorino
825 2795 1067 2839 auctoribus
1096 2795 1285 2853 ῥῆγμα,
1316 2797 1521 2852 σχίσμα“,
1556 2797 1679 2853 cujus
1708 2798 2019 2853 significationis
2048 2811 2184 2853 neque
2212 2795 2411 2852 simplicis
2439 2810 2579 2852 neque
2609 2796 2662 2838 ad

277 2866 486 2911 fenestras
532 2868 760 2912 translatae
807 2867 1051 2925 exemplum
1096 2869 1344 2912 invenimus.
1400 2868 1595 2927 Namque
1641 2870 1691 2913 ab
1738 2872 1818 2914 hoc
1864 2870 2039 2914 Homeri
2085 2869 2179 2911 loco
2226 2868 2445 2911 translatio
2492 2868 2566 2912 illa
2608 2869 2662 2911 ad

279 2938 499 2991 fenestras,
528 2955 654 2998 quam
683 2940 784 2983 alias
813 2940 902 2983 fieri
931 2941 1168 2998 potuisse
1198 2956 1282 2985 non
1311 2956 1531 2998 negamus,
1558 2956 1705 2988 revera
1731 2943 1885 2987 factam
1916 2956 2004 2986 esse
2033 2956 2115 2985 non
2144 2942 2397 2998 reperimus,
2426 2941 2564 2985 aliena
2582 2949 2659 2984 est.

280 3011 432 3068 Neque
461 3013 503 3053 in
531 3012 762 3069 composito
789 3006 1077 3070 ἆμφιῤῥῶγες
1103 3011 1283 3067 κλωβοί,
1312 3014 1445 3057 Anth.
1475 3014 1566 3057 Pal.
1597 3017 1637 3065 6,
1668 3018 1758 3065 109,
1787 3018 1827 3064 3,
1855 3014 1978 3069 cujus
2005 3013 2087 3055 loci
2116 3013 2440 3055 humanissimus
2468 3012 2660 3055 Doeder-

281 3082 433 3125 leinius
464 3097 533 3126 me
568 3084 807 3136 admonuit,
847 3092 962 3127 certa
996 3084 1280 3127 fenestrarum
1309 3085 1557 3141 significatio
1585 3094 1775 3142 apparet.
1830 3085 1879 3126 In
1909 3084 1974 3127 ed.
2005 3087 2064 3128 5²·
2095 3083 2213 3127 Pass.
2243 3084 2284 3126 in
2314 3100 2353 3126 v.
2384 3098 2540 3127 caveae
2562 3082 2659 3125 illae

281 3154 496 3210 utrimque
551 3156 771 3198 cataractis
827 3156 996 3199 clausae
1041 3155 1173 3198 fuisse
1222 3156 1431 3200 dicuntur.
1505 3155 1659 3200 Suidas
1704 3164 1844 3199 autem
1893 3157 1935 3197 in
1986 3172 2027 3198 ν.
2068 3150 2395 3214 Ἀμφιῤῥῶγας.
2443 3147 2660 3197 πάντοθεν

284 3216 591 3280 διεῤῥωγότας,
617 3220 918 3282 ἠνεῳγμένους.
953 3220 1193 3280 »Κλωβούς
1218 3230 1255 3270 τ’
1283 3222 1619 3286 ᾰμφιῤῥιιῖγαςα.
1652 3242 1803 3269 caveas
1830 3226 2065 3282 intelligere
2092 3227 2270 3277 videtur,
2298 3226 2449 3281 quibus
2475 3224 2660 3280 undique

285 3293 435 3337 clathri
462 3293 735 3341 foraminibus
759 3297 985 3355 interrupti
1014 3297 1264 3342 circumdati
1294 3310 1403 3343 sunt.
1460 3299 1516 3342 H.
1543 3298 1780 3356 Stephanus
1807 3297 1934 3340 vertit
1964 3297 2199 3354 ”Undique
2226 3308 2442 3355 ruptus«,
2470 3294 2587 3352 Pape
2615 3295 2660 3338 in
