2955 3681
1435 151 1501 200 67

277 298 422 343 Ceteri
450 313 598 343 versus
624 299 720 342 libri
751 301 845 342 19⁰¹
870 330 882 349 ,
910 313 1018 355 quos
1047 298 1130 341 huc
1157 298 1307 342 referri
1334 306 1522 354 oportet,
1561 296 1734 340 obscuri
1760 295 1943 352 amplius
1970 296 2070 339 nihil
2100 296 2271 339 habent.
2329 296 2435 339 Nam
2469 311 2506 339 v.
2534 299 2585 338 37
2616 303 2662 339 et

278 373 399 414 38¹¹·-
421 363 608 429 κ”Εμπης
623 384 705 424 μοι
721 373 861 424 τοῖχοι
887 362 1093 428 μεγάρων
1121 368 1255 413 καλαί
1270 384 1320 413 τε
1346 364 1573 424 μεσόδμαι
1591 364 1824 412 Εἰλατιναί
1848 381 1897 410 τε
1929 367 2052 411 δοκοὶ
2079 368 2152 411 καὶ
2171 366 2316 420 κίονες
2334 360 2465 428 unstrod
2485 364 2661 421 ἔχοντες

277 456 314 485 κ.
342 458 380 486 τ,
409 443 471 486 L«
501 444 684 502 parietes
711 443 791 484 sub
817 435 1063 495 μεσόδμαις
1088 450 1353 500 apparentes,
1382 450 1472 483 tum
1499 433 1725 494 μεσόδμας
1748 432 2049 497 (κρεμόθραν)
2077 455 2174 483 cum
2204 440 2507 484 materiatiouis
2534 441 2661 496 tignis

277 516 338 570 (v.
368 529 497 573 supra
526 529 566 571 p.
585 519 641 556 40
666 523 762 571 post
781 501 910 567 med.)
940 523 980 556 et
1009 515 1228 566 columnis,
1257 529 1368 572 quae
1394 522 1530 556 totum
1559 508 1762 572 ὑπερῷον
1790 514 2035 564 sustineant,
2065 522 2296 556 enumerat.
2353 513 2453 565 Qua
2480 513 2521 554 iu
2553 526 2598 554 re
2627 513 2661 554 si

278 587 368 643 quis
395 577 646 639 μεσόδμας,
689 595 736 628 ut
773 580 947 635 καλάς
980 599 1052 627 eas
1082 586 1258 637 efficiat,
1297 600 1428 642 opere
1456 586 1653 628 intestino
1682 584 1752 627 vel
1782 584 2002 642 sculptura
2030 592 2200 626 ornatas
2227 585 2399 634 dixerit,
2439 586 2477 625 ei
2507 598 2660 625 conce-

276 659 460 701 dendum
500 659 590 702 erit.
647 659 743 701 Hoc
784 672 912 700 unum
952 658 1207 715 relinquitur
1247 657 1541 715 explicandum
1582 659 1623 699 in
1662 655 1750 698 22⁶¹
1782 655 1876 697 libri
1906 670 2029 698 versu
2062 658 2163 706 143,
2207 670 2285 698 cur
2315 656 2573 698 Melanthius
2603 668 2657 696 ex

276 731 459 773 eodem
486 731 699 780 thalamo,
730 744 857 786 quem
888 745 1016 786 supra
1046 728 1391 786 significavimus,
1419 743 1535 772 arma
1562 730 1792 785 petiturus,
1822 727 1875 770 cf.
1902 722 2030 770 ἔνθεν
2081 742 2121 769 ν.
2154 731 2255 778 144,
2286 729 2450 769 dicatur
2477 742 2655 770 ascen-

276 801 400 844 dere
424 794 489 851 Ἐς
532 793 827 853 θαλάμους
867 801 1026 856 (plur.
1071 803 1321 854 numero)
1347 799 1597 856 Ὀδυσσῆος,
1637 792 1722 841 α’νᾰ
1747 798 1893 857 ῥῶγας
1917 795 2155 856 μεγάροιο,
2186 813 2318 855 quum
2347 799 2436 840 aliis
2465 800 2655 855 ejusdem

207 878 212 883 “
274 872 368 914 libri
398 887 552 921 verss.‚
601 881 648 912 ut
680 875 770 913 161.
804 875 882 912 174
911 881 991 912 etc.
1020 887 1184 928 semper
1221 870 1267 920 ἐς
1304 864 1509 922 θάλαμον
1552 870 1755 924 singulari
1803 884 1982 911 numero
2028 870 2233 926 scriptum
2282 870 2348 910 sit.
2405 870 2470 910 Ne
2514 880 2655 912 tamen

274 944 479 998 pluralem
507 944 641 993 illum,
670 952 719 985 ut
748 938 829 985 α’νά
856 944 1015 999 ῥῶγας,
1046 944 1098 985 ad
1125 943 1264 997 ipsum
1294 938 1495 997 ὑπερῷον
1521 944 1584 997 (ν.
1612 956 1741 996 supra
1769 957 1867 996 pag.
1894 944 1946 983 47
1978 943 2086 996 sqq.)
2103 973 2114 990 ‚
2144 956 2220 996 per
2251 940 2365 994 quod
2398 940 2658 983 Melanthius

274 1014 504 1064 transierit,
547 1013 702 1057 referre
731 1022 771 1056 et
801 1031 897 1056 cum
929 1007 1126 1066 α’νέβαινε
1156 1014 1415 1068 conjungere
1442 1015 1567 1064 velis,
1611 1023 1725 1056 vetat
1753 1012 1892 1068 ipsum
1924 1012 2180 1055 vocabulum
2209 1007 2337 1054 ἔνθεν
2388 1029 2426 1053 v.
2462 1017 2538 1054 144
2565 1014 2590 1054 i.
2620 1030 2657 1056 e.

277 1100 363 1128 nex
394 1101 479 1142 quo
508 1100 718 1127 armorum
746 1085 989 1134 thalamo«,
1033 1101 1163 1141 quum
1194 1100 1334 1141 neque
1366 1085 1510 1128 scholii
1541 1085 1667 1127 verba
1697 1081 1945 1136 στενωπός,
1986 1080 2032 1126 ἐν
2058 1072 2095 1138 ᾧ
2123 1079 2149 1150 δ
2177 1079 2388 1133 θάλαμος
2415 1099 2554 1140 neque
2586 1084 2657 1127 de·

272 1157 442 1214 scriptio
480 1157 609 1213 ipsius
654 1157 846 1207 thalami,
893 1158 945 1198 cf.
975 1162 1042 1206 22,
1076 1161 1152 1199 188
1190 1155 1236 1198 ἐν
1263 1155 1446 1211 δαπέδῳ
1473 1155 1612 1209 χαμαὶ
1635 1148 1777 1210 βάλον
1803 1164 1846 1198 et
1874 1170 1912 1196 V.
1947 1157 2023 1196 193
2054 1153 2172 1196 Κίον’
2198 1148 2260 1196 α’ν’
2289 1147 2459 1212 ὑψηλήν
2484 1171 2524 1197 κ.
2550 1170 2586 1196 τ.
2614 1155 2653 1198 λ.

274 1228 576 1284 superioris
605 1227 926 1283 contignationis
955 1229 1185 1270 thalamum
1215 1229 1401 1271 indicare
1431 1228 1666 1271 videantur.
1705 1228 1820 1270 Puto
1850 1227 1980 1280 igitur
2007 1227 2212 1281 pluralem
2242 1223 2479 1278 θαλιίμους
2507 1244 2543 1267 ν.
2566 1232 2654 1275 143,

272 1308 319 1341 ut
347 1302 412 1349 23,
442 1302 492 1341 41
525 1307 567 1342 et
594 1297 781 1354 inprimis
812 1299 956 1353 hymn.
985 1299 1026 1341 in
1057 1299 1199 1342 Cerer.
1233 1302 1310 1341 143
1340 1297 1497 1352 »λέχος
1525 1296 1781 1355 στορέσαιμι
1810 1297 1937 1352 μυχῷ
1964 1293 2187 1350 θαλάμων
2213 1291 2444 1351 εὐπήκτων
2470 1295 2657 1342 Δεσπό-

272 1382 448 1420 συνονα,
478 1379 609 1411 totam
640 1369 879 1412 interiorem
911 1371 1076 1412 aedium
1107 1378 1284 1426 partem,
1314 1371 1540 1413 mulierum
1570 1370 1871 1413 habitationem
1900 1369 2097 1419 indicare,
2125 1369 2166 1411 in
2188 1385 2273 1426 qua
2293 1370 2461 1426 plurimi
2485 1371 2657 1412 thalami

272 1442 367 1484 sint.
424 1440 627 1484 Ceterum
659 1441 904 1483 Herodotus
933 1440 967 1492 I,
999 1444 1076 1493 34,
1105 1456 1361 1498 quamquam
1391 1449 1535 1497 aperte
1564 1441 1617 1485 de
1645 1440 1935 1497 compluribus
1963 1440 2078 1482 oecis
2107 1448 2150 1482 et
2179 1440 2373 1483 thalamis
2401 1456 2655 1485 commemo-

273 1514 402 1563 ravit,
452 1513 659 1555 simillimo
700 1513 825 1555 verbo
864 1528 966 1556 usus
1004 1523 1069 1555 est
1097 1529 1107 1555 ε
1137 1506 1318 1555 α’κόντια
1347 1512 1397 1555 δὲ
1425 1512 1497 1556 καὶ
1527 1508 1712 1571 δοράτια
1738 1511 1813 1555 καὶ
1841 1509 1897 1554 τά
1925 1512 2112 1554 τοιαῦτα
2139 1505 2284 1554 πάντα
2309 1515 2428 1555 τοῖσι
2453 1514 2656 1572 χρέονται

271 1583 317 1634 ἐς
343 1581 535 1637 πόλεμον
562 1578 822 1641 ἄνθρωποι,
864 1585 912 1626 ἐκ
938 1585 1026 1626 τῶν
1053 1577 1308 1640 α’νδρεαὶνων
1335 1583 1566 1636 ἐκκομίσας
1592 1582 1639 1634 ἐς
1663 1582 1772 1634 τοιῗς
1799 1576 2032 1637 θαλάμους
2059 1583 2254 1641 συνένησε
2282 1600 2314 1626 κ.
2342 1600 2375 1626 τ.
2405 1583 2443 1627 λ.
2487 1611 2540 1618 -
2586 1586 2654 1630 De

272 1656 429 1698 scholio
450 1656 486 1697 E
507 1657 558 1697 ad
579 1673 621 1706 α,
653 1657 727 1697 127
747 1650 899 1710 ’Ἐγχος
926 1654 1002 1708 μέν
1021 1659 1059 1712 ρ’
1088 1653 1240 1712 ἔστησε
1269 1654 1415 1713 φέρων
1442 1651 1553 1711 πρὸς
1580 1655 1702 1699 κίονα
1728 1653 1899 1713 μακρήν
1923 1648 2198 1713 Δουροδόκης
2226 1653 2434 1698 ἔντοσθεν
2460 1651 2620 1710 ἐυξόου
2640 1672 2654 1699 .·

268 1725 546 1779 οἰκονομικῶς
589 1727 638 1770 δὲ
681 1721 805 1770 εἶπεν
845 1749 865 1769 η
883 1725 1082 1784 ἔνθαπερ
1117 1722 1234 1770 ἄλλα
1271 1723 1398 1781 ἔγχεα
1424 1721 1712 1783 Ὀδυσσῆοςα,
1757 1724 1829 1769 ἵνα
1855 1725 1914 1783 μὴ
1945 1719 2152 1784 α’πορῆσῃ
2179 1742 2249 1775 τις
2275 1723 2532 1783 ἔμπροσθεν
2559 1730 2583 1772 i.
2613 1745 2650 1772 e.

271 1798 414 1841 infra
462 1803 535 1850 (V.
580 1799 706 1841 Dind.
753 1800 805 1842 ad
849 1817 888 1855 p.
920 1803 994 1850 30,
1024 1801 1081 1853 2)
1129 1794 1218 1850 ὅτι,
1279 1801 1385 1841 ποῦ
1431 1797 1733 1856 εὑρέθησαν
1778 1794 1842 1842 τά
1888 1794 2100 1856 δόρατα
2147 1797 2291 1856 πρός
2334 1795 2508 1856 φόνον
2550 1802 2654 1842 τῶν

271 1863 612 1928 μνηστήρων,
660 1887 914 1927 quamquam
950 1872 1054 1914 haec
1095 1872 1222 1914 verba
1260 1887 1395 1914 meam
1433 1873 1484 1914 de
1514 1864 1756 1929 δουροδόκῃ
1784 1872 2031 1914 sententiam
2063 1872 2135 1924 (de
2163 1872 2279 1914 aedd.
2311 1872 2347 1922 I,
2375 1889 2416 1929 p.
2448 1873 2522 1927 29)
2550 1889 2652 1915 con-

273 1943 442 1986 firmare
464 1942 671 1994 videntur,
703 1942 802 1985 satis
832 1943 885 1984 sit
913 1957 1097 1993 monere,
1128 1957 1179 1984 ne
1208 1942 1378 1985 nimium
1410 1942 1656 1986 scholiastae
1687 1942 1904 1998 sagacitati
1932 1941 2150 1985 tribuatur.
2190 1942 2335 1994 Poeta,
2365 1944 2438 2000 qui
2459 1944 2652 1988 Minerva

275 2015 477 2070 adjutrice
514 2014 684 2056 Ulixem
724 2028 819 2055 cum
856 2015 990 2055 tribus
1025 2015 1146 2056 sociis
1176 2016 1433 2070 superiorem
1461 2016 1591 2057 fuisse
1619 2015 1792 2057 tradidit
1822 2023 1992 2056 centum
2023 2024 2066 2055 et
2094 2016 2387 2071 duodeviginti
2417 2017 2552 2073 procis
2587 2021 2650 2066 16,

275 2089 354 2128 245
386 2101 501 2142 sqq.,
549 2087 673 2128 etiam
702 2094 766 2127 tot
796 2087 984 2127 homines
1015 2087 1177 2141 sagittis
1209 2086 1324 2128 Ulixi
1353 2095 1397 2129 et
1433 2095 1548 2129 octo
1586 2088 1737 2136 hastis,
1786 2090 1853 2136 22,
1886 2090 1975 2137 110,
2005 2088 2278 2141 (praesertim
2311 2102 2442 2142 quum
2472 2087 2652 2131 Ulixeae

273 2159 416 2199 manui
455 2167 496 2200 et
531 2159 713 2211 ipsorum
754 2166 797 2199 et
833 2157 1149 2200 interfectorum
1191 2173 1413 2213 procorum
1445 2159 1571 2200 hastis
1600 2160 1766 2214 saepius
1797 2158 1856 2199 uti
1885 2159 2057 2213 liceret)
2088 2159 2331 2200 interfectos
2359 2173 2450 2202 esse
2481 2175 2653 2203 narrare

272 2229 419 2285 potuit.
452 2253 503 2260 —
543 2231 594 2282 2)
635 2231 866 2272 Januas
907 2230 1057 2270 domus
1096 2230 1317 2272 mulierum
1348 2239 1390 2272 et
1419 2239 1581 2286 portam
1612 2231 1733 2272 aulae
1764 2230 1944 2272 occlusit
1971 2230 2144 2279 Ulixes,
2185 2240 2410 2285 antequam
2441 2240 2651 2274 certamen

274 2316 370 2343 cum
414 2301 552 2356 procis
595 2299 731 2343 iniret.
790 2300 1018 2342 Mulierum
1060 2300 1257 2355 januas,
1306 2302 1512 2358 inquam;
1559 2318 1655 2345 nam
1685 2316 1737 2345 ex
1767 2305 1833 2353 22,
1867 2304 1940 2345 151
1975 2302 2068 2344 coll.
2103 2305 2179 2346 158
2209 2303 2455 2359 collegimus
2485 2313 2655 2360 praeter

270 2372 545 2430 principalem
575 2372 687 2414 illam
711 2373 884 2428 januam
913 2373 1000 2426 (3),
1045 2389 1152 2428 quae
1181 2389 1232 2416 ex
1263 2389 1365 2416 oeco
1394 2376 1577 2416 virorum
1606 2375 1659 2417 ad
1688 2375 1912 2417 mulierum
1944 2389 2092 2417 oecum
2124 2376 2331 2424 ducebat,
2371 2392 2583 2433 quamque
2613 2377 2652 2418 in

273 2444 389 2487 Ulixi
420 2454 649 2499 conspectu
679 2444 805 2486 fuisse
834 2452 985 2499 putare
1015 2443 1202 2499 oportet,
1242 2446 1416 2488 alteram
1449 2447 1623 2501 januam
1653 2447 1733 2501 (8⁴)
1763 2462 1787 2489 e
1814 2446 2035 2489 mulierum
2067 2448 2192 2489 domo
2223 2449 2264 2489 in
2290 2441 2460 2503 λαύραν
2487 2449 2655 2490 duxisse

273 2517 386 2572 (coll.
418 2533 456 2559 v.
487 2520 568 2558 400
596 2524 699 2565 etc.;
743 2517 795 2558 de
830 2516 948 2558 aedd.
981 2515 1012 2565 I,
1045 2531 1084 2571 p.
1113 2519 1179 2566 30,
1220 2524 1362 2559 annot.
1392 2519 1457 2567 39,
1489 2533 1528 2559 v.
1559 2520 1604 2560 11
1639 2518 1732 2572 sq.).
1782 2518 1927 2560 Aedes
1957 2533 2058 2560 vero
2088 2518 2311 2561 mulierum
2341 2519 2506 2561 occludi
2534 2519 2652 2574 jussit

273 2587 445 2638 Ulixes,
494 2603 546 2631 ne
580 2587 698 2643 proci
735 2602 947 2629 servarum
986 2602 1115 2643 opera
1152 2587 1436 2642 qualicunque
1474 2587 1778 2643 adjuvarentur
1806 2603 1912 2631 neve
1943 2604 2089 2631 rumor
2117 2590 2169 2631 de
2198 2605 2425 2646 procorum
2455 2591 2580 2631 caede
2610 2589 2651 2631 in

273 2659 420 2702 urbem
466 2660 683 2709 transiret,
731 2659 783 2700 cf.
815 2663 889 2708 23,
931 2660 1004 2700 137
1038 2674 1125 2713 sqq.
1202 2657 1296 2699 Hac
1343 2658 1536 2713 proxima
1584 2659 1635 2701 de
1682 2674 1811 2701 causa
1856 2669 1998 2701 autem
2049 2660 2201 2702 aulae
2249 2675 2461 2715 quoque
2507 2660 2648 2701 fores

274 2730 561 2774 occludendae
588 2731 761 2774 fuerunt
791 2731 806 2781 (
822 2731 1014 2772 Eustath.
1044 2731 1095 2772 ad
1125 2745 1181 2779 ω,
1215 2732 1304 2781 166,
1332 2746 1373 2787 p.
1408 2731 1526 2779 1955,
1558 2733 1612 2772 20
1639 2726 1898 2786 »ἐκλῆἲσσεν
1926 2725 2084 2786 ὀχῆας,
2112 2729 2304 2773 τουτέστι
2330 2727 2519 2782 μοχλοιῗς
2545 2726 2650 2779 τούς

272 2815 320 2844 τε
348 2801 423 2856 τῆς
448 2800 800 2857 γυναικωνίτιδος
829 2801 902 2844 καὶ
929 2816 987 2843 το
1003 2796 1060 2851 ῦς
1087 2801 1214 2857 περὶ
1242 2796 1334 2857 τήν
1357 2794 1567 2858 αὐλήν).
1624 2801 1722 2844 Jam
1753 2803 1794 2844 in
1824 2803 2035 2860 colloquio
2066 2818 2161 2844 cum
2190 2801 2441 2859 pastoribuS‚
2472 2805 2537 2855 21,
2574 2804 2644 2844 191

274 2888 386 2931 sqq.,
431 2874 543 2929 quod
574 2885 694 2916 extra
722 2874 841 2916 aulae
870 2884 1032 2931 portam
1062 2873 1219 2914 factum
1250 2888 1343 2916 esse
1372 2874 1545 2929 opinor,
1585 2872 1637 2916 cf.
1667 2889 1797 2930 supra
1824 2875 1882 2924 ΙΙ,
1912 2878 1952 2925 6,
1981 2890 2018 2916 ν.
2050 2878 2114 2916 20.
2146 2878 2220 2921 21,
2265 2872 2411 2931 Ulixes
2439 2873 2649 2916 Philoetio

276 2945 488 2986 mandavit
518 2944 638 2985 aulae
668 2954 832 3001 portam
863 2945 1158 2993 claudendam,
1189 2960 1227 2986 v.
1260 2948 1341 2986 240
1372 2945 1485 2986 »Σοὶ
1529 2943 1603 2996 δὲ,
1648 2944 1842 2987 Φιλοίτιε
1879 2946 1973 2994 δῖε,
2017 2938 2161 3001 θύρας
2196 2942 2478 2996 ἐπιτέλλομαι
2514 2939 2652 3000 αὐλῆς

277 3015 464 3072 Κληῒσαι
490 3014 634 3071 κληΐδι
662 3029 695 3055 κ.
723 3030 762 3057 τ.
796 3015 885 3065 A«,
916 3016 955 3056 id
987 3015 1097 3071 quod
1131 3015 1334 3058 bubulcus
1362 3016 1459 3058 fecit
1489 3031 1529 3057 V.
1558 3019 1639 3059 389
1671 3014 1886 3073 »Κλὴισεν
1914 3010 2036 3070 δ’ἅρ’
2070 3012 2228 3057 ἔπειτα
2264 3008 2416 3072 θύρας
2443 3010 2650 3072 ειῖερκέος

271 3080 406 3142 αιῗλῆς
435 3110 487 3117 -
522 3110 565 3116 -
598 3085 784 3142 ἐπέδησε
813 3080 979 3141 θύρας,
1023 3083 1069 3135 ἐς
1116 3085 1155 3126 δ’
1182 3080 1277 3143 ἤιεν
1323 3081 1453 3137 αὐτός
1466 3103 1503 3128 α.
1561 3087 1734 3130 Portam
1780 3088 1908 3142 igitur
1954 3086 2099 3140 aulae,
2147 3100 2223 3143 per
2273 3102 2398 3144 quam
2446 3088 2498 3129 ad
2541 3089 2648 3128 viam

273 3157 486 3213 publicam
518 3157 710 3206 exibant,
748 3157 911 3199 clausit.
969 3158 1138 3199 Ceteras
1178 3158 1356 3213 januas,
1402 3174 1506 3216 quas
1534 3169 1660 3216 poeta
1687 3166 1853 3215 praeter
1882 3157 2003 3199 aulae
2031 3167 2198 3215 portam
2226 3167 2268 3200 et
2298 3160 2507 3216 duplicem
2535 3159 2646 3200 illam

237 3244 239 3246 ·
269 3228 444 3284 januam
475 3230 623 3271 domus
652 3229 873 3270 mulierum
904 3233 945 3282 (3
975 3238 1019 3270 et
1047 3229 1116 3284 8‘)
1147 3241 1477 3280 commemorat,
1527 3246 1675 3273 omnes
1722 3239 1927 3286 apertas
1959 3230 2145 3271 ·relictas
2192 3245 2281 3272 esse
2322 3230 2481 3286 judico.
2538 3231 2647 3272 Sunt

274 3309 416 3341 autem
444 3301 687 3356 principalis
711 3302 841 3357 janua
870 3302 980 3353 oeci,
1027 3301 1068 3341 in
1107 3302 1232 3356 cujus
1269 3302 1409 3344 limine
1447 3301 1593 3344 Ulixes
1631 3303 1787 3350 stabat,
1831 3293 2083 3357 ὀρσοθύρα,
2126 3295 2229 3350 ὁδὸς
2265 3299 2313 3351 ἐς
2348 3298 2511 3358 λαύρην
2547 3318 2643 3344 cum

274 3362 456 3424 στόματι
483 3366 668 3428 λαύρης,
709 3374 741 3415 si
771 3374 850 3415 hoc
878 3374 928 3415 ab
957 3369 1047 3428 ὁδῷ
1076 3368 1122 3421 ἐς
1147 3372 1185 3415 λ,
1215 3373 1455 3417 discernere
1483 3374 1595 3415 libet.
1649 3364 1899 3429 Ὀρσυθύρα
1947 3373 2158 3429 quomodo
2203 3374 2347 3416 clausa
2393 3373 2520 3417 fuisse
2567 3375 2648 3417 diei
