<?xml version="1.0" encoding="UTF-8"?>
<!DOCTYPE html PUBLIC "-//W3C//DTD XHTML 1.0 Transitional//EN"
    "http://www.w3.org/TR/xhtml1/DTD/xhtml1-transitional.dtd">
<html xmlns="http://www.w3.org/1999/xhtml" xml:lang="en" lang="en">
 <head>
  <title>
</title>
<meta http-equiv="Content-Type" content="text/html;charset=utf-8" />
  <meta name='ocr-system' content='tesseract 3.04.00' />
  <meta name='ocr-capabilities' content='ocr_page ocr_carea ocr_par ocr_line ocrx_word'/>
</head>
<body>
  <div class='ocr_page' id='page_1' title='image "4770466_0020.png"; bbox 0 0 2955 3681; ppageno 0'>
   <div class='ocr_carea' id='block_1_1' title="bbox 1454 92 1521 138">
    <p class='ocr_par' dir='ltr' id='par_1_1' title="bbox 1454 92 1521 138">
     <span class='ocr_line' id='line_1_1' title="bbox 1454 92 1521 138; baseline 0.015 -1"><span class='ocrx_word' id='word_1_1' title='bbox 1454 92 1521 138; x_wconf 78' lang='lat'>40</span> 
     </span>
    </p>
   </div>
   <div class='ocr_carea' id='block_1_2' title="bbox 1285 157 1415 164">
    <p class='ocr_par' dir='ltr' id='par_1_2' title="bbox 1285 157 1415 164">
     <span class='ocr_line' id='line_1_2' title="bbox 1285 157 1415 164; baseline 0.008 -1"><span class='ocrx_word' id='word_1_2' title='bbox 1285 157 1415 164; x_wconf 67' lang='grc'>..-</span> 
     </span>
    </p>
   </div>
   <div class='ocr_carea' id='block_1_3' title="bbox 1420 159 1680 166">
    <p class='ocr_par' dir='ltr' id='par_1_3' title="bbox 1420 159 1680 166">
     <span class='ocr_line' id='line_1_3' title="bbox 1420 159 1680 166; baseline 0 3515"><span class='ocrx_word' id='word_1_3' title='bbox 1420 159 1680 166; x_wconf 95' lang='lat' dir='ltr'> </span> 
     </span>
    </p>
   </div>
   <div class='ocr_carea' id='block_1_4' title="bbox 253 225 2681 3370">
    <p class='ocr_par' dir='ltr' id='par_1_4' title="bbox 253 225 2681 1439">
     <span class='ocr_line' id='line_1_4' title="bbox 253 225 2681 296; baseline 0.005 -23"><span class='ocrx_word' id='word_1_4' title='bbox 253 231 398 296; x_wconf 30' lang='lat' dir='ltr'>‘illam</span> <span class='ocrx_word' id='word_1_5' title='bbox 435 229 702 289; x_wconf 69' lang='grc' dir='ltr'><em>κρεμάθραν</em></span> <span class='ocrx_word' id='word_1_6' title='bbox 735 232 789 275; x_wconf 92' lang='lat' dir='ltr'>ad</span> <span class='ocrx_word' id='word_1_7' title='bbox 831 232 1030 275; x_wconf 83' lang='lat' dir='ltr'>amussim</span> <span class='ocrx_word' id='word_1_8' title='bbox 1060 231 1242 278; x_wconf 84' lang='lat' dir='ltr'>Ulixeae</span> <span class='ocrx_word' id='word_1_9' title='bbox 1279 225 1503 292; x_wconf 83' lang='grc' dir='ltr'><strong><em>μεσόδμης</em></strong></span> <span class='ocrx_word' id='word_1_10' title='bbox 1538 236 1764 292; x_wconf 77' lang='lat' dir='ltr'>imaginem</span> <span class='ocrx_word' id='word_1_11' title='bbox 1803 241 2051 296; x_wconf 81' lang='lat' dir='ltr'>exprimere.</span> <span class='ocrx_word' id='word_1_12' title='bbox 2107 240 2341 284; x_wconf 86' lang='lat' dir='ltr'>Differebat</span> <span class='ocrx_word' id='word_1_13' title='bbox 2378 241 2487 284; x_wconf 89' lang='lat' dir='ltr'>enim</span> <span class='ocrx_word' id='word_1_14' title='bbox 2527 241 2599 286; x_wconf 83' lang='lat' dir='ltr'>illa</span> <span class='ocrx_word' id='word_1_15' title='bbox 2628 249 2681 286; x_wconf 88' lang='lat' dir='ltr'>et</span> 
     </span>
     <span class='ocr_line' id='line_1_5' title="bbox 285 302 2680 367; baseline 0.005 -21"><span class='ocrx_word' id='word_1_16' title='bbox 285 303 430 359; x_wconf 89' lang='lat' dir='ltr'>loco,</span> <span class='ocrx_word' id='word_1_17' title='bbox 474 313 634 361; x_wconf 81' lang='lat' dir='ltr'><strong>septem</strong></span> <span class='ocrx_word' id='word_1_18' title='bbox 665 304 777 347; x_wconf 88' lang='lat' dir='ltr'>enim</span> <span class='ocrx_word' id='word_1_19' title='bbox 805 302 936 359; x_wconf 84' lang='lat' dir='ltr'>pedes</span> <span class='ocrx_word' id='word_1_20' title='bbox 967 319 1051 350; x_wconf 86' lang='lat' dir='ltr'>nou</span> <span class='ocrx_word' id='word_1_21' title='bbox 1078 319 1104 347; x_wconf 81' lang='lat' dir='ltr'>a</span> <span class='ocrx_word' id='word_1_22' title='bbox 1132 304 1264 349; x_wconf 82' lang='lat' dir='ltr'>fundo</span> <span class='ocrx_word' id='word_1_23' title='bbox 1294 306 1463 357; x_wconf 85' lang='lat' dir='ltr'>domus.</span> <span class='ocrx_word' id='word_1_24' title='bbox 1508 306 1585 349; x_wconf 90' lang='lat' dir='ltr'>sed</span> <span class='ocrx_word' id='word_1_25' title='bbox 1615 323 1639 350; x_wconf 88' lang='lat' dir='ltr'>a</span> <span class='ocrx_word' id='word_1_26' title='bbox 1668 309 1893 366; x_wconf 85' lang='lat' dir='ltr'>superioris</span> <span class='ocrx_word' id='word_1_27' title='bbox 1921 311 2244 367; x_wconf 74' lang='lat' dir='ltr'>contignationis</span> <span class='ocrx_word' id='word_1_28' title='bbox 2272 311 2401 356; x_wconf 79' lang='lat' dir='ltr'>fundo</span> <span class='ocrx_word' id='word_1_29' title='bbox 2427 312 2608 357; x_wconf 85' lang='lat' dir='ltr'>distabat</span> <span class='ocrx_word' id='word_1_30' title='bbox 2636 322 2680 357; x_wconf 87' lang='lat' dir='ltr'>et</span> 
     </span>
     <span class='ocr_line' id='line_1_6' title="bbox 284 375 2679 440; baseline 0.003 -21"><span class='ocrx_word' id='word_1_31' title='bbox 284 376 437 438; x_wconf 86' lang='lat' dir='ltr'>rudi,</span> <span class='ocrx_word' id='word_1_32' title='bbox 469 392 521 419; x_wconf 92' lang='lat' dir='ltr'>ne</span> <span class='ocrx_word' id='word_1_33' title='bbox 551 377 708 426; x_wconf 84' lang='lat' dir='ltr'>dicam,</span> <span class='ocrx_word' id='word_1_34' title='bbox 747 375 939 432; x_wconf 90' lang='lat' dir='ltr'>squalido</span> <span class='ocrx_word' id='word_1_35' title='bbox 970 384 1279 419; x_wconf 77' lang='lat' dir='ltr'><strong>structurae</strong></span> <span class='ocrx_word' id='word_1_36' title='bbox 1314 391 1537 431; x_wconf 78' lang='lat' dir='ltr'>genere,</span> <span class='ocrx_word' id='word_1_37' title='bbox 1574 379 1641 420; x_wconf 90' lang='lat' dir='ltr'>cui</span> <span class='ocrx_word' id='word_1_38' title='bbox 1667 381 1817 436; x_wconf 87' lang='lat' dir='ltr'>generi</span> <span class='ocrx_word' id='word_1_39' title='bbox 1842 380 1983 433; x_wconf 72' lang='grc' dir='ltr'><em>καλᾶς</em></span> <span class='ocrx_word' id='word_1_40' title='bbox 2009 383 2184 427; x_wconf 90' lang='lat' dir='ltr'>Homeri</span> <span class='ocrx_word' id='word_1_41' title='bbox 2210 379 2460 437; x_wconf 83' lang='grc' dir='ltr'><em>μεσόδμας,</em></span> <span class='ocrx_word' id='word_1_42' title='bbox 2490 383 2679 440; x_wconf 89' lang='lat' dir='ltr'>quamvis</span> 
     </span>
     <span class='ocr_line' id='line_1_7' title="bbox 286 445 2679 512; baseline 0.003 -21"><span class='ocrx_word' id='word_1_43' title='bbox 286 448 499 504; x_wconf 85' lang='lat' dir='ltr'>simplices</span> <span class='ocrx_word' id='word_1_44' title='bbox 527 447 695 500; x_wconf 80' lang='lat' dir='ltr'>fuerint,</span> <span class='ocrx_word' id='word_1_45' title='bbox 725 445 934 502; x_wconf 86' lang='lat' dir='ltr'>subjicere</span> <span class='ocrx_word' id='word_1_46' title='bbox 964 447 1175 490; x_wconf 85' lang='lat' dir='ltr'>nolumus.</span> <span class='ocrx_word' id='word_1_47' title='bbox 1235 447 1557 491; x_wconf 87' lang='lat' dir='ltr'>Similitudinem</span> <span class='ocrx_word' id='word_1_48' title='bbox 1587 464 1687 492; x_wconf 90' lang='lat' dir='ltr'>vero</span> <span class='ocrx_word' id='word_1_49' title='bbox 1716 450 1824 493; x_wconf 90' lang='lat' dir='ltr'>inter</span> <span class='ocrx_word' id='word_1_50' title='bbox 1852 454 2063 509; x_wconf 88' lang='lat' dir='ltr'>antiquam</span> <span class='ocrx_word' id='word_1_51' title='bbox 2092 454 2366 511; x_wconf 79' lang='grc' dir='ltr'><em>κρεμάθραν,</em></span> <span class='ocrx_word' id='word_1_52' title='bbox 2397 469 2524 512; x_wconf 90' lang='lat' dir='ltr'>quam</span> <span class='ocrx_word' id='word_1_53' title='bbox 2553 469 2679 511; x_wconf 77' lang='lat' dir='ltr'>supra</span> 
     </span>
     <span class='ocr_line' id='line_1_8' title="bbox 286 515 2677 583; baseline 0.003 -21"><span class='ocrx_word' id='word_1_54' title='bbox 286 533 384 562; x_wconf 90' lang='lat' dir='ltr'>cum</span> <span class='ocrx_word' id='word_1_55' title='bbox 427 518 583 568; x_wconf 87' lang='lat' dir='ltr'>altero,</span> <span class='ocrx_word' id='word_1_56' title='bbox 627 515 803 568; x_wconf 81' lang='lat' dir='ltr'>Ulixen,</span> <span class='ocrx_word' id='word_1_57' title='bbox 846 518 1082 571; x_wconf 82' lang='grc' dir='ltr'><em>μεσοδμῶν</em></span> <span class='ocrx_word' id='word_1_58' title='bbox 1120 532 1275 574; x_wconf 82' lang='lat' dir='ltr'>genere</span> <span class='ocrx_word' id='word_1_59' title='bbox 1320 520 1679 574; x_wconf 74' lang='lat' dir='ltr'>comparavimus,</span> <span class='ocrx_word' id='word_1_60' title='bbox 1730 530 1774 563; x_wconf 91' lang='lat' dir='ltr'>et</span> <span class='ocrx_word' id='word_1_61' title='bbox 1803 523 2026 567; x_wconf 79' lang='lat' dir='ltr'>Calabram</span> <span class='ocrx_word' id='word_1_62' title='bbox 2064 526 2175 568; x_wconf 88' lang='lat' dir='ltr'>illam</span> <span class='ocrx_word' id='word_1_63' title='bbox 2218 536 2407 583; x_wconf 79' lang='lat' dir='ltr'>soupente</span> <span class='ocrx_word' id='word_1_64' title='bbox 2440 542 2523 569; x_wconf 91' lang='lat' dir='ltr'>non</span> <span class='ocrx_word' id='word_1_65' title='bbox 2552 526 2677 569; x_wconf 88' lang='lat' dir='ltr'>modo</span> 
     </span>
     <span class='ocr_line' id='line_1_9' title="bbox 284 589 2678 655; baseline 0.003 -21"><span class='ocrx_word' id='word_1_66' title='bbox 284 592 325 635; x_wconf 92' lang='lat' dir='ltr'>in</span> <span class='ocrx_word' id='word_1_67' title='bbox 355 589 595 633; x_wconf 85' lang='lat' dir='ltr'>nominibus</span> <span class='ocrx_word' id='word_1_68' title='bbox 623 589 761 633; x_wconf 87' lang='lat' dir='ltr'>inesse</span> <span class='ocrx_word' id='word_1_69' title='bbox 790 599 1011 647; x_wconf 87' lang='lat' dir='ltr'>putamus,</span> <span class='ocrx_word' id='word_1_70' title='bbox 1042 590 1116 632; x_wconf 91' lang='lat' dir='ltr'>sed</span> <span class='ocrx_word' id='word_1_71' title='bbox 1146 591 1271 632; x_wconf 88' lang='lat' dir='ltr'>etiam</span> <span class='ocrx_word' id='word_1_72' title='bbox 1302 590 1343 632; x_wconf 92' lang='lat' dir='ltr'>in</span> <span class='ocrx_word' id='word_1_73' title='bbox 1374 590 1496 632; x_wconf 88' lang='lat' dir='ltr'>simili</span> <span class='ocrx_word' id='word_1_74' title='bbox 1525 592 1750 648; x_wconf 90' lang='lat' dir='ltr'>utriusque</span> <span class='ocrx_word' id='word_1_75' title='bbox 1779 593 1957 637; x_wconf 86' lang='lat' dir='ltr'>aedificii</span> <span class='ocrx_word' id='word_1_76' title='bbox 1986 611 2081 638; x_wconf 86' lang='lat' dir='ltr'>usu.</span> <span class='ocrx_word' id='word_1_77' title='bbox 2141 596 2200 639; x_wconf 89' lang='lat' dir='ltr'>Ut</span> <span class='ocrx_word' id='word_1_78' title='bbox 2229 598 2338 639; x_wconf 90' lang='lat' dir='ltr'>enim</span> <span class='ocrx_word' id='word_1_79' title='bbox 2367 597 2408 639; x_wconf 92' lang='lat' dir='ltr'>in</span> <span class='ocrx_word' id='word_1_80' title='bbox 2438 595 2678 655; x_wconf 77' lang='grc' dir='ltr'><em>κρεμάθρᾳ</em></span> 
     </span>
     <span class='ocr_line' id='line_1_10' title="bbox 281 655 2677 725; baseline 0.003 -22"><span class='ocrx_word' id='word_1_81' title='bbox 281 659 337 703; x_wconf 75' lang='grc' dir='ltr'><em>τοὶ</em></span> <span class='ocrx_word' id='word_1_82' title='bbox 367 657 686 717; x_wconf 78' lang='grc' dir='ltr'><strong><em>περιττεύοντα</em></strong></span> <span class='ocrx_word' id='word_1_83' title='bbox 715 655 853 720; x_wconf 77' lang='grc' dir='ltr'>(ὄψα)</span> <span class='ocrx_word' id='word_1_84' title='bbox 884 655 1195 704; x_wconf 80' lang='grc' dir='ltr'><em>α’ποτίθεσθαι</em></span> <span class='ocrx_word' id='word_1_85' title='bbox 1223 661 1434 713; x_wconf 85' lang='lat' dir='ltr'>solebant,</span> <span class='ocrx_word' id='word_1_86' title='bbox 1464 678 1501 705; x_wconf 76' lang='lat' dir='ltr'>v,</span> <span class='ocrx_word' id='word_1_87' title='bbox 1534 676 1660 720; x_wconf 89' lang='lat' dir='ltr'>supra</span> <span class='ocrx_word' id='word_1_88' title='bbox 1690 663 1741 718; x_wconf 87' lang='lat' dir='ltr'>E,</span> <span class='ocrx_word' id='word_1_89' title='bbox 1771 664 1865 706; x_wconf 89' lang='lat' dir='ltr'>coll.</span> <span class='ocrx_word' id='word_1_90' title='bbox 1897 666 2030 709; x_wconf 83' lang='lat' dir='ltr'>Arist.</span> <span class='ocrx_word' id='word_1_91' title='bbox 2060 667 2175 711; x_wconf 87' lang='lat' dir='ltr'>Plut.</span> <span class='ocrx_word' id='word_1_92' title='bbox 2206 671 2281 711; x_wconf 87' lang='lat'>811</span> <span class='ocrx_word' id='word_1_93' title='bbox 2314 663 2366 710; x_wconf 78' lang='grc' dir='ltr'>τό</span> <span class='ocrx_word' id='word_1_94' title='bbox 2394 664 2597 725; x_wconf 68' lang='grc' dir='ltr'><em>ι’περῷον</em></span> <span class='ocrx_word' id='word_1_95' title='bbox 2624 696 2677 702; x_wconf 94' lang='grc'><strong>-</strong></span> 
     </span>
     <span class='ocr_line' id='line_1_11' title="bbox 280 728 2679 798; baseline 0.002 -22"><span class='ocrx_word' id='word_1_96' title='bbox 280 734 307 776; x_wconf 89' lang='lat' dir='ltr'>i.</span> <span class='ocrx_word' id='word_1_97' title='bbox 336 749 375 776; x_wconf 94' lang='lat' dir='ltr'>e.</span> <span class='ocrx_word' id='word_1_98' title='bbox 409 750 448 775; x_wconf 90' lang='lat' dir='ltr'>v.</span> <span class='ocrx_word' id='word_1_99' title='bbox 479 733 625 776; x_wconf 88' lang='lat' dir='ltr'>scholl.</span> <span class='ocrx_word' id='word_1_100' title='bbox 659 728 742 776; x_wconf 73' lang='lat' dir='ltr'>nto</span> <span class='ocrx_word' id='word_1_101' title='bbox 767 732 920 789; x_wconf 76' lang='grc' dir='ltr'><em>τέγοςα</em></span> <span class='ocrx_word' id='word_1_102' title='bbox 951 758 1004 765; x_wconf 83' lang='grc'><strong>-</strong></span> <span class='ocrx_word' id='word_1_103' title='bbox 1035 729 1232 786; x_wconf 78' lang='grc' dir='ltr'><strong><em>ἰσχάδων</em></strong></span> <span class='ocrx_word' id='word_1_104' title='bbox 1257 732 1378 789; x_wconf 80' lang='grc' dir='ltr'><em>γέμει</em></span> <span class='ocrx_word' id='word_1_105' title='bbox 1417 743 1459 776; x_wconf 87' lang='lat' dir='ltr'>et</span> <span class='ocrx_word' id='word_1_106' title='bbox 1489 735 1603 776; x_wconf 89' lang='lat' dir='ltr'>Xen.</span> <span class='ocrx_word' id='word_1_107' title='bbox 1634 735 1796 779; x_wconf 88' lang='lat' dir='ltr'>Oecon.</span> <span class='ocrx_word' id='word_1_108' title='bbox 1826 737 1904 787; x_wconf 90' lang='lat' dir='ltr'>IX,</span> <span class='ocrx_word' id='word_1_109' title='bbox 1935 740 1960 780; x_wconf 91' lang='lat'><strong>3</strong></span> <span class='ocrx_word' id='word_1_110' title='bbox 1995 734 2053 780; x_wconf 80' lang='grc' dir='ltr'><strong><em>τοῖ</em></strong></span> <span class='ocrx_word' id='word_1_111' title='bbox 2089 737 2139 782; x_wconf 83' lang='grc' dir='ltr'>δὲ</span> <span class='ocrx_word' id='word_1_112' title='bbox 2168 734 2280 798; x_wconf 76' lang='grc' dir='ltr'><em>ξηροὶ</em></span> <span class='ocrx_word' id='word_1_113' title='bbox 2305 734 2393 782; x_wconf 81' lang='grc' dir='ltr'>τῶν</span> <span class='ocrx_word' id='word_1_114' title='bbox 2420 742 2582 796; x_wconf 78' lang='grc' dir='ltr'><em>στεγῶν</em></span> <span class='ocrx_word' id='word_1_115' title='bbox 2607 739 2679 784; x_wconf 85' lang='grc' dir='ltr'>τὸν</span> 
     </span>
     <span class='ocr_line' id='line_1_12' title="bbox 280 801 2678 868; baseline 0.002 -21"><span class='ocrx_word' id='word_1_116' title='bbox 280 806 401 848; x_wconf 82' lang='grc' dir='ltr'><em>σῖτον</em></span> <span class='ocrx_word' id='word_1_117' title='bbox 429 801 757 862; x_wconf 76' lang='grc' dir='ltr'>(παρεκάλει),</span> <span class='ocrx_word' id='word_1_118' title='bbox 804 812 1021 861; x_wconf 89' lang='lat' dir='ltr'>postremo</span> <span class='ocrx_word' id='word_1_119' title='bbox 1058 804 1236 848; x_wconf 89' lang='lat' dir='ltr'>Luciani</span> <span class='ocrx_word' id='word_1_120' title='bbox 1277 805 1408 848; x_wconf 87' lang='lat' dir='ltr'>verba</span> <span class='ocrx_word' id='word_1_121' title='bbox 1448 821 1525 861; x_wconf 84' lang='lat' dir='ltr'>per</span> <span class='ocrx_word' id='word_1_122' title='bbox 1563 807 1879 850; x_wconf 77' lang='lat' dir='ltr'>translationem</span> <span class='ocrx_word' id='word_1_123' title='bbox 1925 809 2058 860; x_wconf 87' lang='lat' dir='ltr'>dicta,</span> <span class='ocrx_word' id='word_1_124' title='bbox 2109 826 2238 867; x_wconf 88' lang='lat' dir='ltr'>supra</span> <span class='ocrx_word' id='word_1_125' title='bbox 2265 813 2300 854; x_wconf 91' lang='lat' dir='ltr'>C</span> <span class='ocrx_word' id='word_1_126' title='bbox 2330 813 2381 853; x_wconf 90' lang='lat' dir='ltr'>ad</span> <span class='ocrx_word' id='word_1_127' title='bbox 2410 811 2469 864; x_wconf 88' lang='lat'>4.)</span> <span class='ocrx_word' id='word_1_128' title='bbox 2499 810 2576 854; x_wconf 83' lang='grc' dir='ltr'>ἐπὶ</span> <span class='ocrx_word' id='word_1_129' title='bbox 2604 808 2678 868; x_wconf 80' lang='grc' dir='ltr'>τήν</span> 
     </span>
     <span class='ocr_line' id='line_1_13' title="bbox 281 872 2675 938; baseline 0.002 -18"><span class='ocrx_word' id='word_1_130' title='bbox 281 873 507 934; x_wconf 75' lang='grc' dir='ltr'><strong><em>κατήλιφα</em></strong></span> <span class='ocrx_word' id='word_1_131' title='bbox 553 872 956 934; x_wconf 71' lang='grc' dir='ltr'><em>ἀναρριχησάμενος</em></span> <span class='ocrx_word' id='word_1_132' title='bbox 996 873 1257 935; x_wconf 70' lang='grc' dir='ltr'><strong><em>ἐπιφόρημα</em></strong></span> <span class='ocrx_word' id='word_1_133' title='bbox 1296 873 1456 933; x_wconf 60' lang='grc' dir='ltr'>ἐζήτει.</span> <span class='ocrx_word' id='word_1_134' title='bbox 1489 879 1627 920; x_wconf 86' lang='lat' dir='ltr'>—ita</span> <span class='ocrx_word' id='word_1_135' title='bbox 1658 887 1910 935; x_wconf 75' lang='lat' dir='ltr'>neoupenteu</span> <span class='ocrx_word' id='word_1_136' title='bbox 1954 879 2067 923; x_wconf 90' lang='lat' dir='ltr'>illam</span> <span class='ocrx_word' id='word_1_137' title='bbox 2111 882 2238 925; x_wconf 85' lang='lat' dir='ltr'>fuisse</span> <span class='ocrx_word' id='word_1_138' title='bbox 2281 884 2425 926; x_wconf 89' lang='lat' dir='ltr'>cellam</span> <span class='ocrx_word' id='word_1_139' title='bbox 2466 885 2675 938; x_wconf 89' lang='lat' dir='ltr'>quandam</span> 
     </span>
     <span class='ocr_line' id='line_1_14' title="bbox 282 944 2674 1011; baseline 0.002 -20"><span class='ocrx_word' id='word_1_140' title='bbox 282 951 500 1008; x_wconf 86' lang='lat' dir='ltr'>penariam</span> <span class='ocrx_word' id='word_1_141' title='bbox 530 950 653 991; x_wconf 83' lang='lat' dir='ltr'>facile</span> <span class='ocrx_word' id='word_1_142' title='bbox 683 949 905 992; x_wconf 87' lang='lat' dir='ltr'>concedes.</span> <span class='ocrx_word' id='word_1_143' title='bbox 964 949 1038 991; x_wconf 92' lang='lat' dir='ltr'>Ad</span> <span class='ocrx_word' id='word_1_144' title='bbox 1069 951 1149 990; x_wconf 87' lang='lat' dir='ltr'>hoc</span> <span class='ocrx_word' id='word_1_145' title='bbox 1178 944 1421 1006; x_wconf 76' lang='grc' dir='ltr'><em>κρεμάθρᾳ</em></span> <span class='ocrx_word' id='word_1_146' title='bbox 1449 948 1538 992; x_wconf 90' lang='lat' dir='ltr'>sive</span> <span class='ocrx_word' id='word_1_147' title='bbox 1567 958 1777 1005; x_wconf 81' lang='lat' dir='ltr'>soupente,</span> <span class='ocrx_word' id='word_1_148' title='bbox 1818 951 1985 1006; x_wconf 89' lang='lat' dir='ltr'>qualem</span> <span class='ocrx_word' id='word_1_149' title='bbox 2022 951 2339 1010; x_wconf 81' lang='lat' dir='ltr'>descripsimus,</span> <span class='ocrx_word' id='word_1_150' title='bbox 2377 955 2535 1011; x_wconf 86' lang='lat' dir='ltr'>optime</span> <span class='ocrx_word' id='word_1_151' title='bbox 2575 969 2674 997; x_wconf 90' lang='lat' dir='ltr'>con-</span> 
     </span>
     <span class='ocr_line' id='line_1_15' title="bbox 282 1019 2675 1080; baseline 0.003 -17"><span class='ocrx_word' id='word_1_152' title='bbox 282 1022 424 1063; x_wconf 89' lang='lat' dir='ltr'>veniet</span> <span class='ocrx_word' id='word_1_153' title='bbox 454 1022 557 1062; x_wconf 88' lang='lat' dir='ltr'>levis</span> <span class='ocrx_word' id='word_1_154' title='bbox 585 1021 658 1063; x_wconf 88' lang='lat' dir='ltr'>illa</span> <span class='ocrx_word' id='word_1_155' title='bbox 687 1028 924 1062; x_wconf 82' lang='lat' dir='ltr'>structurae</span> <span class='ocrx_word' id='word_1_156' title='bbox 954 1021 1075 1071; x_wconf 86' lang='lat' dir='ltr'>ratio,</span> <span class='ocrx_word' id='word_1_157' title='bbox 1105 1036 1229 1077; x_wconf 90' lang='lat' dir='ltr'>quam</span> <span class='ocrx_word' id='word_1_158' title='bbox 1262 1021 1470 1078; x_wconf 84' lang='lat' dir='ltr'>significat</span> <span class='ocrx_word' id='word_1_159' title='bbox 1495 1019 1663 1079; x_wconf 82' lang='grc' dir='ltr'><em>ταρῤοῦ</em></span> <span class='ocrx_word' id='word_1_160' title='bbox 1691 1036 1844 1066; x_wconf 91' lang='lat' dir='ltr'>nomen</span> <span class='ocrx_word' id='word_1_161' title='bbox 1874 1023 1986 1080; x_wconf 89' lang='lat' dir='ltr'>apud</span> <span class='ocrx_word' id='word_1_162' title='bbox 2018 1023 2284 1068; x_wconf 80' lang='lat' dir='ltr'>scholiastam</span> <span class='ocrx_word' id='word_1_163' title='bbox 2314 1026 2354 1068; x_wconf 91' lang='lat' dir='ltr'>in</span> <span class='ocrx_word' id='word_1_164' title='bbox 2376 1025 2510 1068; x_wconf 89' lang='lat' dir='ltr'>Arist.</span> <span class='ocrx_word' id='word_1_165' title='bbox 2531 1025 2675 1069; x_wconf 89' lang='lat' dir='ltr'>Nubes</span> 
     </span>
     <span class='ocr_line' id='line_1_16' title="bbox 281 1093 2675 1154; baseline 0.002 -19"><span class='ocrx_word' id='word_1_166' title='bbox 281 1110 318 1137; x_wconf 92' lang='lat' dir='ltr'>v.</span> <span class='ocrx_word' id='word_1_167' title='bbox 348 1108 477 1150; x_wconf 88' lang='lat' dir='ltr'>supra</span> <span class='ocrx_word' id='word_1_168' title='bbox 506 1095 554 1135; x_wconf 90' lang='lat' dir='ltr'>E.</span> <span class='ocrx_word' id='word_1_169' title='bbox 612 1094 764 1149; x_wconf 90' lang='lat' dir='ltr'>Neque</span> <span class='ocrx_word' id='word_1_170' title='bbox 803 1093 939 1136; x_wconf 90' lang='lat' dir='ltr'>aliena</span> <span class='ocrx_word' id='word_1_171' title='bbox 977 1101 1098 1143; x_wconf 89' lang='lat' dir='ltr'>sunt,</span> <span class='ocrx_word' id='word_1_172' title='bbox 1140 1108 1250 1150; x_wconf 89' lang='lat' dir='ltr'>quae</span> <span class='ocrx_word' id='word_1_173' title='bbox 1286 1108 1414 1150; x_wconf 89' lang='lat' dir='ltr'>supra</span> <span class='ocrx_word' id='word_1_174' title='bbox 1445 1095 1499 1144; x_wconf 93' lang='lat' dir='ltr'>A,</span> <span class='ocrx_word' id='word_1_175' title='bbox 1532 1094 1591 1150; x_wconf 86' lang='lat'>5.)</span> <span class='ocrx_word' id='word_1_176' title='bbox 1621 1094 1674 1137; x_wconf 88' lang='lat' dir='ltr'>ad</span> <span class='ocrx_word' id='word_1_177' title='bbox 1702 1094 1908 1151; x_wconf 80' lang='lat' dir='ltr'>Hesycliii</span> <span class='ocrx_word' id='word_1_178' title='bbox 1936 1096 2062 1140; x_wconf 88' lang='lat' dir='ltr'>verba</span> <span class='ocrx_word' id='word_1_179' title='bbox 2092 1094 2345 1153; x_wconf 75' lang='grc' dir='ltr'><em>καναφόρος</em></span> <span class='ocrx_word' id='word_1_180' title='bbox 2370 1093 2573 1154; x_wconf 82' lang='grc' dir='ltr'><em>μεσόδμη</em></span> <span class='ocrx_word' id='word_1_181' title='bbox 2601 1113 2675 1141; x_wconf 85' lang='lat' dir='ltr'>ex-</span> 
     </span>
     <span class='ocr_line' id='line_1_17' title="bbox 279 1163 2673 1225; baseline 0.002 -17"><span class='ocrx_word' id='word_1_182' title='bbox 279 1165 475 1224; x_wconf 88' lang='lat' dir='ltr'>plicanda</span> <span class='ocrx_word' id='word_1_183' title='bbox 496 1165 798 1221; x_wconf 79' lang='lat' dir='ltr'>congessimus,</span> <span class='ocrx_word' id='word_1_184' title='bbox 820 1180 1075 1221; x_wconf 87' lang='lat' dir='ltr'>quamquam</span> <span class='ocrx_word' id='word_1_185' title='bbox 1106 1165 1158 1207; x_wconf 87' lang='lat' dir='ltr'>ibi</span> <span class='ocrx_word' id='word_1_186' title='bbox 1189 1181 1272 1208; x_wconf 93' lang='lat' dir='ltr'>non</span> <span class='ocrx_word' id='word_1_187' title='bbox 1302 1174 1386 1207; x_wconf 88' lang='lat' dir='ltr'>tam</span> <span class='ocrx_word' id='word_1_188' title='bbox 1410 1167 1560 1207; x_wconf 90' lang='lat' dir='ltr'>domus</span> <span class='ocrx_word' id='word_1_189' title='bbox 1589 1163 1863 1223; x_wconf 67' lang='grc' dir='ltr'><em>κρεμάθραι,</em></span> <span class='ocrx_word' id='word_1_190' title='bbox 1893 1184 2018 1224; x_wconf 88' lang='lat' dir='ltr'>quam</span> <span class='ocrx_word' id='word_1_191' title='bbox 2048 1169 2252 1225; x_wconf 82' lang='lat' dir='ltr'>pergulae</span> <span class='ocrx_word' id='word_1_192' title='bbox 2272 1170 2415 1212; x_wconf 89' lang='lat' dir='ltr'>similis</span> <span class='ocrx_word' id='word_1_193' title='bbox 2435 1178 2673 1213; x_wconf 84' lang='lat' dir='ltr'>structurae</span> 
     </span>
     <span class='ocr_line' id='line_1_18' title="bbox 278 1231 2673 1298; baseline 0.002 -19"><span class='ocrx_word' id='word_1_194' title='bbox 278 1252 411 1293; x_wconf 85' lang='lat' dir='ltr'>prope</span> <span class='ocrx_word' id='word_1_195' title='bbox 450 1238 558 1279; x_wconf 86' lang='lat' dir='ltr'>viam</span> <span class='ocrx_word' id='word_1_196' title='bbox 598 1237 813 1293; x_wconf 86' lang='lat' dir='ltr'>publicam</span> <span class='ocrx_word' id='word_1_197' title='bbox 844 1235 1136 1291; x_wconf 78' lang='lat' dir='ltr'>significantur</span> <span class='ocrx_word' id='word_1_198' title='bbox 1166 1237 1236 1292; x_wconf 89' lang='lat' dir='ltr'>(cf.</span> <span class='ocrx_word' id='word_1_199' title='bbox 1265 1237 1470 1293; x_wconf 88' lang='lat' dir='ltr'>Hesychii</span> <span class='ocrx_word' id='word_1_200' title='bbox 1497 1237 1632 1296; x_wconf 72' lang='grc' dir='ltr'><em>γε’ῤῥα</em></span> <span class='ocrx_word' id='word_1_201' title='bbox 1661 1231 1819 1296; x_wconf 67' lang='grc' dir='ltr'><em>σκηνάς</em></span> <span class='ocrx_word' id='word_1_202' title='bbox 1855 1247 1898 1283; x_wconf 83' lang='lat' dir='ltr'>ct</span> <span class='ocrx_word' id='word_1_203' title='bbox 1925 1239 1994 1282; x_wconf 89' lang='lat' dir='ltr'>Et.</span> <span class='ocrx_word' id='word_1_204' title='bbox 2026 1239 2087 1283; x_wconf 90' lang='lat' dir='ltr'>M.</span> <span class='ocrx_word' id='word_1_205' title='bbox 2118 1255 2158 1298; x_wconf 93' lang='lat' dir='ltr'>p.</span> <span class='ocrx_word' id='word_1_206' title='bbox 2190 1243 2292 1293; x_wconf 82' lang='lat'>228,</span> <span class='ocrx_word' id='word_1_207' title='bbox 2332 1244 2385 1285; x_wconf 88' lang='grc'>48</span> <span class='ocrx_word' id='word_1_208' title='bbox 2421 1240 2554 1298; x_wconf 71' lang='grc' dir='ltr'><em>γε’ῥρα</em></span> <span class='ocrx_word' id='word_1_209' title='bbox 2592 1240 2673 1296; x_wconf 89' lang='lat' dir='ltr'>(sic</span> 
     </span>
     <span class='ocr_line' id='line_1_19' title="bbox 281 1304 2672 1369; baseline 0.002 -19"><span class='ocrx_word' id='word_1_210' title='bbox 281 1309 396 1365; x_wconf 89' lang='lat' dir='ltr'>Sylb.</span> <span class='ocrx_word' id='word_1_211' title='bbox 430 1321 571 1350; x_wconf 85' lang='lat' dir='ltr'>annot.</span> <span class='ocrx_word' id='word_1_212' title='bbox 614 1310 666 1350; x_wconf 84' lang='lat' dir='ltr'>ad</span> <span class='ocrx_word' id='word_1_213' title='bbox 706 1310 732 1350; x_wconf 91' lang='lat' dir='ltr'>l.</span> <span class='ocrx_word' id='word_1_214' title='bbox 773 1310 822 1364; x_wconf 88' lang='lat' dir='ltr'>l.)</span> <span class='ocrx_word' id='word_1_215' title='bbox 863 1309 936 1350; x_wconf 83' lang='grc' dir='ltr'>καὶ</span> <span class='ocrx_word' id='word_1_216' title='bbox 968 1307 1016 1349; x_wconf 79' lang='grc' dir='ltr'>αἱ</span> <span class='ocrx_word' id='word_1_217' title='bbox 1045 1309 1194 1366; x_wconf 81' lang='grc' dir='ltr'><em>σκηναὶ</em></span> <span class='ocrx_word' id='word_1_218' title='bbox 1224 1308 1267 1351; x_wconf 81' lang='grc' dir='ltr'>ἐν</span> <span class='ocrx_word' id='word_1_219' title='bbox 1292 1304 1363 1359; x_wconf 89' lang='grc' dir='ltr'>αἷς</span> <span class='ocrx_word' id='word_1_220' title='bbox 1390 1306 1445 1352; x_wconf 78' lang='grc' dir='ltr'>τά</span> <span class='ocrx_word' id='word_1_221' title='bbox 1473 1305 1585 1354; x_wconf 77' lang='grc' dir='ltr'>ὤνια</span> <span class='ocrx_word' id='word_1_222' title='bbox 1612 1307 1920 1368; x_wconf 67' lang='grc' dir='ltr'><em>ἐπιπράσκετο</em></span> <span class='ocrx_word' id='word_1_223' title='bbox 1950 1310 2042 1355; x_wconf 86' lang='lat' dir='ltr'>coll.</span> <span class='ocrx_word' id='word_1_224' title='bbox 2074 1327 2170 1356; x_wconf 89' lang='lat' dir='ltr'>cum</span> <span class='ocrx_word' id='word_1_225' title='bbox 2202 1330 2212 1356; x_wconf 89' lang='lat'><strong>:</strong></span> <span class='ocrx_word' id='word_1_226' title='bbox 2241 1305 2460 1369; x_wconf 66' lang='grc' dir='ltr'>κατήλιφα</span> <span class='ocrx_word' id='word_1_227' title='bbox 2490 1313 2561 1365; x_wconf 75' lang='lat' dir='ltr'>(G,</span> <span class='ocrx_word' id='word_1_228' title='bbox 2592 1313 2672 1369; x_wconf 83' lang='lat'>2.))</span> 
     </span>
     <span class='ocr_line' id='line_1_20' title="bbox 281 1373 1705 1439; baseline 0.001 -16"><span class='ocrx_word' id='word_1_229' title='bbox 281 1381 439 1424; x_wconf 81' lang='grc' dir='ltr'><strong><em>σανίδα</em></strong></span> <span class='ocrx_word' id='word_1_230' title='bbox 467 1384 525 1434; x_wconf 89' lang='lat' dir='ltr'>(in</span> <span class='ocrx_word' id='word_1_231' title='bbox 555 1381 786 1438; x_wconf 85' lang='lat' dir='ltr'>caupona),</span> <span class='ocrx_word' id='word_1_232' title='bbox 816 1380 859 1422; x_wconf 78' lang='grc' dir='ltr'>ἕν</span> <span class='ocrx_word' id='word_1_233' title='bbox 887 1373 914 1439; x_wconf 83' lang='grc' dir='ltr'><em>ᾗ</em></span> <span class='ocrx_word' id='word_1_234' title='bbox 942 1375 1086 1422; x_wconf 69' lang='grc' dir='ltr'><em>πάντα</em></span> <span class='ocrx_word' id='word_1_235' title='bbox 1112 1380 1168 1422; x_wconf 71' lang='grc' dir='ltr'><em>τοὶ</em></span> <span class='ocrx_word' id='word_1_236' title='bbox 1198 1378 1463 1434; x_wconf 72' lang='grc' dir='ltr'><em>πωλούμενα</em></span> <span class='ocrx_word' id='word_1_237' title='bbox 1489 1381 1705 1426; x_wconf 69' lang='grc' dir='ltr'>τιθέασιν.</span> 
     </span>
    </p>

    <p class='ocr_par' dir='ltr' id='par_1_5' title="bbox 267 1448 2673 3083">
     <span class='ocr_line' id='line_1_21' title="bbox 418 1448 2673 1511; baseline 0.001 -15"><span class='ocrx_word' id='word_1_238' title='bbox 418 1456 582 1501; x_wconf 88' lang='lat' dir='ltr'>Restat,</span> <span class='ocrx_word' id='word_1_239' title='bbox 612 1464 660 1494; x_wconf 88' lang='lat' dir='ltr'>ut</span> <span class='ocrx_word' id='word_1_240' title='bbox 702 1455 1056 1504; x_wconf 85' lang='lat' dir='ltr'>demonstremus,</span> <span class='ocrx_word' id='word_1_241' title='bbox 1099 1456 1312 1511; x_wconf 90' lang='lat' dir='ltr'>quomodo</span> <span class='ocrx_word' id='word_1_242' title='bbox 1341 1448 1602 1510; x_wconf 76' lang='grc' dir='ltr'><em>κρεμάθρας</em></span> <span class='ocrx_word' id='word_1_243' title='bbox 1631 1454 1723 1510; x_wconf 89' lang='lat' dir='ltr'>ejus</span> <span class='ocrx_word' id='word_1_244' title='bbox 1753 1455 1859 1497; x_wconf 90' lang='lat' dir='ltr'>ratio</span> <span class='ocrx_word' id='word_1_245' title='bbox 1890 1462 1933 1497; x_wconf 86' lang='lat' dir='ltr'>et</span> <span class='ocrx_word' id='word_1_246' title='bbox 1963 1469 2057 1497; x_wconf 91' lang='lat' dir='ltr'>cum</span> <span class='ocrx_word' id='word_1_247' title='bbox 2088 1454 2307 1499; x_wconf 85' lang='lat' dir='ltr'>Homerici</span> <span class='ocrx_word' id='word_1_248' title='bbox 2338 1455 2431 1499; x_wconf 90' lang='lat' dir='ltr'>oeci</span> <span class='ocrx_word' id='word_1_249' title='bbox 2460 1465 2673 1500; x_wconf 87' lang='lat' dir='ltr'>structura</span> 
     </span>
     <span class='ocr_line' id='line_1_22' title="bbox 277 1518 2671 1583; baseline 0.001 -16"><span class='ocrx_word' id='word_1_250' title='bbox 277 1535 319 1567; x_wconf 84' lang='lat' dir='ltr'>et</span> <span class='ocrx_word' id='word_1_251' title='bbox 353 1541 450 1567; x_wconf 91' lang='lat' dir='ltr'>cum</span> <span class='ocrx_word' id='word_1_252' title='bbox 488 1518 725 1579; x_wconf 74' lang='grc' dir='ltr'><em>μελάθρου</em></span> <span class='ocrx_word' id='word_1_253' title='bbox 761 1526 833 1567; x_wconf 79' lang='lat' dir='ltr'>illa</span> <span class='ocrx_word' id='word_1_254' title='bbox 869 1525 1243 1567; x_wconf 88' lang='lat' dir='ltr'>circumlocutione</span> <span class='ocrx_word' id='word_1_255' title='bbox 1279 1522 1328 1567; x_wconf 89' lang='grc' dir='ltr'>τό</span> <span class='ocrx_word' id='word_1_256' title='bbox 1353 1526 1487 1577; x_wconf 82' lang='grc' dir='ltr'><em>μέσον</em></span> <span class='ocrx_word' id='word_1_257' title='bbox 1514 1526 1589 1581; x_wconf 76' lang='grc' dir='ltr'>τῆς</span> <span class='ocrx_word' id='word_1_258' title='bbox 1617 1525 1766 1582; x_wconf 74' lang='grc' dir='ltr'><em>στέγης</em></span> <span class='ocrx_word' id='word_1_259' title='bbox 1795 1518 1943 1579; x_wconf 75' lang='grc' dir='ltr'><em>ξύλον,</em></span> <span class='ocrx_word' id='word_1_260' title='bbox 1990 1542 2013 1568; x_wconf 89' lang='lat' dir='ltr'>a</span> <span class='ocrx_word' id='word_1_261' title='bbox 2042 1541 2126 1583; x_wconf 89' lang='lat' dir='ltr'>qua</span> <span class='ocrx_word' id='word_1_262' title='bbox 2154 1527 2262 1570; x_wconf 87' lang='lat' dir='ltr'>hanc</span> <span class='ocrx_word' id='word_1_263' title='bbox 2291 1527 2332 1569; x_wconf 90' lang='lat' dir='ltr'>in</span> <span class='ocrx_word' id='word_1_264' title='bbox 2366 1542 2455 1570; x_wconf 89' lang='lat' dir='ltr'>rem</span> <span class='ocrx_word' id='word_1_265' title='bbox 2487 1527 2671 1570; x_wconf 87' lang='lat' dir='ltr'>traducti</span> 
     </span>
     <span class='ocr_line' id='line_1_23' title="bbox 281 1589 2670 1655; baseline 0.001 -16"><span class='ocrx_word' id='word_1_266' title='bbox 281 1612 454 1646; x_wconf 89' lang='lat' dir='ltr'>sumus,</span> <span class='ocrx_word' id='word_1_267' title='bbox 499 1605 598 1652; x_wconf 89' lang='lat' dir='ltr'>apte</span> <span class='ocrx_word' id='word_1_268' title='bbox 637 1597 770 1652; x_wconf 88' lang='lat' dir='ltr'>possit</span> <span class='ocrx_word' id='word_1_269' title='bbox 799 1598 1042 1638; x_wconf 82' lang='lat' dir='ltr'>consociari.</span> <span class='ocrx_word' id='word_1_270' title='bbox 1102 1589 1382 1652; x_wconf 77' lang='grc' dir='ltr'><em>Κρεμάθρας</em></span> <span class='ocrx_word' id='word_1_271' title='bbox 1410 1598 1602 1648; x_wconf 84' lang='lat' dir='ltr'>formam,</span> <span class='ocrx_word' id='word_1_272' title='bbox 1633 1600 1666 1639; x_wconf 91' lang='lat' dir='ltr'>si</span> <span class='ocrx_word' id='word_1_273' title='bbox 1697 1599 1832 1639; x_wconf 88' lang='lat' dir='ltr'>ordini</span> <span class='ocrx_word' id='word_1_274' title='bbox 1861 1598 1921 1640; x_wconf 90' lang='lat' dir='ltr'>illi</span> <span class='ocrx_word' id='word_1_275' title='bbox 1951 1598 2242 1640; x_wconf 90' lang='lat' dir='ltr'>columnarum</span> <span class='ocrx_word' id='word_1_276' title='bbox 2273 1599 2381 1642; x_wconf 87' lang='lat' dir='ltr'>inter</span> <span class='ocrx_word' id='word_1_277' title='bbox 2409 1593 2600 1655; x_wconf 72' lang='grc' dir='ltr'><em>ἐσχάραν</em></span> <span class='ocrx_word' id='word_1_278' title='bbox 2628 1604 2670 1641; x_wconf 86' lang='lat' dir='ltr'>et</span> 
     </span>
     <span class='ocr_line' id='line_1_24' title="bbox 273 1660 2669 1725; baseline 0 -15"><span class='ocrx_word' id='word_1_279' title='bbox 273 1660 408 1721; x_wconf 85' lang='grc' dir='ltr'><em>μυχόν</em></span> <span class='ocrx_word' id='word_1_280' title='bbox 444 1668 680 1725; x_wconf 91' lang='lat' dir='ltr'>positarum</span> <span class='ocrx_word' id='word_1_281' title='bbox 733 1668 902 1710; x_wconf 85' lang='lat' dir='ltr'>affixam</span> <span class='ocrx_word' id='word_1_282' title='bbox 942 1684 1032 1711; x_wconf 87' lang='lat' dir='ltr'>eam</span> <span class='ocrx_word' id='word_1_283' title='bbox 1064 1680 1202 1725; x_wconf 74' lang='lat' dir='ltr'>puta5‚</span> <span class='ocrx_word' id='word_1_284' title='bbox 1232 1671 1289 1710; x_wconf 88' lang='lat' dir='ltr'>ita</span> <span class='ocrx_word' id='word_1_285' title='bbox 1318 1670 1409 1711; x_wconf 87' lang='lat' dir='ltr'>fere</span> <span class='ocrx_word' id='word_1_286' title='bbox 1438 1669 1575 1710; x_wconf 89' lang='lat' dir='ltr'>animo</span> <span class='ocrx_word' id='word_1_287' title='bbox 1605 1669 1758 1725; x_wconf 79' lang='lat' dir='ltr'>fingas.</span> <span class='ocrx_word' id='word_1_288' title='bbox 1818 1670 2087 1724; x_wconf 85' lang='lat' dir='ltr'>Epistylium,</span> <span class='ocrx_word' id='word_1_289' title='bbox 2117 1669 2240 1711; x_wconf 88' lang='lat' dir='ltr'>etiam</span> <span class='ocrx_word' id='word_1_290' title='bbox 2272 1669 2352 1711; x_wconf 88' lang='lat' dir='ltr'>hac</span> <span class='ocrx_word' id='word_1_291' title='bbox 2381 1669 2540 1711; x_wconf 87' lang='lat' dir='ltr'>ratione</span> <span class='ocrx_word' id='word_1_292' title='bbox 2572 1683 2669 1725; x_wconf 86' lang='lat' dir='ltr'>pro-</span> 
     </span>
     <span class='ocr_line' id='line_1_25' title="bbox 274 1732 2669 1796; baseline -0 -15"><span class='ocrx_word' id='word_1_293' title='bbox 274 1739 385 1788; x_wconf 90' lang='lat' dir='ltr'>bata,</span> <span class='ocrx_word' id='word_1_294' title='bbox 430 1739 482 1781; x_wconf 85' lang='lat' dir='ltr'>ab</span> <span class='ocrx_word' id='word_1_295' title='bbox 520 1755 606 1780; x_wconf 91' lang='lat' dir='ltr'>uno</span> <span class='ocrx_word' id='word_1_296' title='bbox 644 1739 733 1780; x_wconf 87' lang='lat' dir='ltr'>oeci</span> <span class='ocrx_word' id='word_1_297' title='bbox 763 1739 893 1780; x_wconf 87' lang='lat' dir='ltr'>latere</span> <span class='ocrx_word' id='word_1_298' title='bbox 922 1740 974 1780; x_wconf 87' lang='lat' dir='ltr'>ad</span> <span class='ocrx_word' id='word_1_299' title='bbox 1013 1741 1192 1781; x_wconf 84' lang='lat' dir='ltr'>alterum</span> <span class='ocrx_word' id='word_1_300' title='bbox 1223 1740 1477 1796; x_wconf 86' lang='lat' dir='ltr'>pertinebat,</span> <span class='ocrx_word' id='word_1_301' title='bbox 1504 1748 1633 1796; x_wconf 88' lang='lat' dir='ltr'>atque</span> <span class='ocrx_word' id='word_1_302' title='bbox 1664 1732 1904 1796; x_wconf 74' lang='grc' dir='ltr'><em>κρεμάθρα</em></span> <span class='ocrx_word' id='word_1_303' title='bbox 1933 1753 1984 1782; x_wconf 87' lang='lat' dir='ltr'>ex</span> <span class='ocrx_word' id='word_1_304' title='bbox 2019 1754 2070 1782; x_wconf 93' lang='lat' dir='ltr'>eo</span> <span class='ocrx_word' id='word_1_305' title='bbox 2100 1738 2312 1793; x_wconf 83' lang='lat' dir='ltr'>pendebat</span> <span class='ocrx_word' id='word_1_306' title='bbox 2340 1737 2669 1780; x_wconf 87' lang='lat' dir='ltr'>intercolumniis</span> 
     </span>
     <span class='ocr_line' id='line_1_26' title="bbox 275 1809 2667 1866; baseline 0 -15"><span class='ocrx_word' id='word_1_307' title='bbox 275 1810 403 1852; x_wconf 83' lang='lat' dir='ltr'>affixa</span> <span class='ocrx_word' id='word_1_308' title='bbox 427 1811 525 1859; x_wconf 76' lang='lat' dir='ltr'>vita,</span> <span class='ocrx_word' id='word_1_309' title='bbox 564 1818 613 1852; x_wconf 89' lang='lat' dir='ltr'>ut</span> <span class='ocrx_word' id='word_1_310' title='bbox 656 1811 736 1851; x_wconf 88' lang='lat' dir='ltr'>alia</span> <span class='ocrx_word' id='word_1_311' title='bbox 775 1810 905 1865; x_wconf 72' lang='lat' dir='ltr'>tigilla</span> <span class='ocrx_word' id='word_1_312' title='bbox 950 1812 1060 1852; x_wconf 87' lang='lat' dir='ltr'>inter</span> <span class='ocrx_word' id='word_1_313' title='bbox 1089 1811 1272 1866; x_wconf 85' lang='lat' dir='ltr'>singulas</span> <span class='ocrx_word' id='word_1_314' title='bbox 1300 1809 1522 1853; x_wconf 85' lang='lat' dir='ltr'>columnas</span> <span class='ocrx_word' id='word_1_315' title='bbox 1551 1809 1747 1859; x_wconf 89' lang='lat' dir='ltr'>immissa,</span> <span class='ocrx_word' id='word_1_316' title='bbox 1779 1810 1857 1853; x_wconf 88' lang='lat' dir='ltr'>alia</span> <span class='ocrx_word' id='word_1_317' title='bbox 1888 1825 1909 1853; x_wconf 89' lang='lat' dir='ltr'>a</span> <span class='ocrx_word' id='word_1_318' title='bbox 1942 1810 2149 1853; x_wconf 89' lang='lat' dir='ltr'>columnis</span> <span class='ocrx_word' id='word_1_319' title='bbox 2180 1825 2317 1866; x_wconf 86' lang='lat' dir='ltr'>usque</span> <span class='ocrx_word' id='word_1_320' title='bbox 2347 1809 2399 1852; x_wconf 91' lang='lat' dir='ltr'>ad</span> <span class='ocrx_word' id='word_1_321' title='bbox 2429 1809 2667 1852; x_wconf 88' lang='lat' dir='ltr'>interiorem</span> 
     </span>
     <span class='ocr_line' id='line_1_27' title="bbox 274 1874 2667 1939; baseline 0.001 -15"><span class='ocrx_word' id='word_1_322' title='bbox 274 1883 407 1938; x_wconf 87' lang='lat' dir='ltr'>ipsius</span> <span class='ocrx_word' id='word_1_323' title='bbox 454 1883 605 1923; x_wconf 89' lang='lat' dir='ltr'>domus</span> <span class='ocrx_word' id='word_1_324' title='bbox 634 1883 832 1938; x_wconf 88' lang='lat' dir='ltr'>parietem</span> <span class='ocrx_word' id='word_1_325' title='bbox 864 1883 1069 1925; x_wconf 87' lang='lat' dir='ltr'>introrsus</span> <span class='ocrx_word' id='word_1_326' title='bbox 1098 1883 1350 1937; x_wconf 84' lang='lat' dir='ltr'>pertinentia</span> <span class='ocrx_word' id='word_1_327' title='bbox 1380 1874 1645 1938; x_wconf 70' lang='grc' dir='ltr'><em>κρεμάθρας</em></span> <span class='ocrx_word' id='word_1_328' title='bbox 1674 1897 1922 1939; x_wconf 74' lang='lat' dir='ltr'>compagem</span> <span class='ocrx_word' id='word_1_329' title='bbox 1953 1882 2206 1925; x_wconf 79' lang='lat' dir='ltr'>sustinerent</span> <span class='ocrx_word' id='word_1_330' title='bbox 2235 1890 2364 1938; x_wconf 89' lang='lat' dir='ltr'>atque</span> <span class='ocrx_word' id='word_1_331' title='bbox 2392 1881 2667 1926; x_wconf 89' lang='lat' dir='ltr'>includerent.</span> 
     </span>
     <span class='ocr_line' id='line_1_28' title="bbox 273 1954 2665 2012; baseline -0 -15"><span class='ocrx_word' id='word_1_332' title='bbox 273 1954 431 1998; x_wconf 88' lang='lat' dir='ltr'>Seriem</span> <span class='ocrx_word' id='word_1_333' title='bbox 462 1954 734 2012; x_wconf 87' lang='lat' dir='ltr'>pergularum</span> <span class='ocrx_word' id='word_1_334' title='bbox 766 1955 844 1997; x_wconf 88' lang='lat' dir='ltr'>hac</span> <span class='ocrx_word' id='word_1_335' title='bbox 873 1969 1080 2011; x_wconf 86' lang='lat' dir='ltr'>compage</span> <span class='ocrx_word' id='word_1_336' title='bbox 1108 1954 1218 1997; x_wconf 91' lang='lat' dir='ltr'>inter</span> <span class='ocrx_word' id='word_1_337' title='bbox 1247 1954 1435 2010; x_wconf 84' lang='lat' dir='ltr'>singulas</span> <span class='ocrx_word' id='word_1_338' title='bbox 1465 1955 1685 1997; x_wconf 88' lang='lat' dir='ltr'>columnas</span> <span class='ocrx_word' id='word_1_339' title='bbox 1715 1963 1903 1998; x_wconf 88' lang='lat' dir='ltr'>ortarum</span> <span class='ocrx_word' id='word_1_340' title='bbox 1933 1954 1973 1996; x_wconf 89' lang='lat' dir='ltr'>in</span> <span class='ocrx_word' id='word_1_341' title='bbox 2005 1954 2095 1997; x_wconf 92' lang='lat' dir='ltr'>solo</span> <span class='ocrx_word' id='word_1_342' title='bbox 2125 1954 2255 2009; x_wconf 89' lang='lat' dir='ltr'>ipsius</span> <span class='ocrx_word' id='word_1_343' title='bbox 2283 1954 2425 2006; x_wconf 85' lang='grc' dir='ltr'><em>μυχοῦ</em></span> <span class='ocrx_word' id='word_1_344' title='bbox 2456 1954 2572 1996; x_wconf 87' lang='lat' dir='ltr'>aditu</span> <span class='ocrx_word' id='word_1_345' title='bbox 2602 1955 2665 1996; x_wconf 88' lang='lat' dir='ltr'>in·</span> 
     </span>
     <span class='ocr_line' id='line_1_29' title="bbox 272 2026 2667 2083; baseline 0 -16"><span class='ocrx_word' id='word_1_346' title='bbox 272 2035 509 2082; x_wconf 88' lang='lat' dir='ltr'>terruptam</span> <span class='ocrx_word' id='word_1_347' title='bbox 538 2026 840 2081; x_wconf 87' lang='lat' dir='ltr'>fuissejudico.</span> <span class='ocrx_word' id='word_1_348' title='bbox 886 2026 1103 2069; x_wconf 85' lang='lat' dir='ltr'>Columnis</span> <span class='ocrx_word' id='word_1_349' title='bbox 1124 2027 1250 2082; x_wconf 79' lang='lat' dir='ltr'>igitur</span> <span class='ocrx_word' id='word_1_350' title='bbox 1279 2027 1332 2069; x_wconf 90' lang='lat' dir='ltr'>ab</span> <span class='ocrx_word' id='word_1_351' title='bbox 1363 2035 1547 2083; x_wconf 90' lang='lat' dir='ltr'>utraque</span> <span class='ocrx_word' id='word_1_352' title='bbox 1577 2027 1714 2069; x_wconf 87' lang='lat' dir='ltr'>aditus</span> <span class='ocrx_word' id='word_1_353' title='bbox 1744 2026 1868 2081; x_wconf 87' lang='lat' dir='ltr'>hujus</span> <span class='ocrx_word' id='word_1_354' title='bbox 1898 2035 2017 2082; x_wconf 88' lang='lat' dir='ltr'>parte</span> <span class='ocrx_word' id='word_1_355' title='bbox 2047 2026 2265 2068; x_wconf 87' lang='lat' dir='ltr'>collocatis</span> <span class='ocrx_word' id='word_1_356' title='bbox 2294 2026 2533 2081; x_wconf 85' lang='lat' dir='ltr'>epistylium</span> <span class='ocrx_word' id='word_1_357' title='bbox 2564 2026 2667 2067; x_wconf 90' lang='lat' dir='ltr'>illud</span> 
     </span>
     <span class='ocr_line' id='line_1_30' title="bbox 274 2092 2667 2155; baseline 0 -17"><span class='ocrx_word' id='word_1_358' title='bbox 274 2098 444 2153; x_wconf 90' lang='lat' dir='ltr'>quidem</span> <span class='ocrx_word' id='word_1_359' title='bbox 466 2113 601 2153; x_wconf 86' lang='lat' dir='ltr'>aeque</span> <span class='ocrx_word' id='word_1_360' title='bbox 620 2113 668 2139; x_wconf 85' lang='lat' dir='ltr'>ac</span> <span class='ocrx_word' id='word_1_361' title='bbox 698 2099 850 2140; x_wconf 86' lang='lat' dir='ltr'>ceteris</span> <span class='ocrx_word' id='word_1_362' title='bbox 879 2099 1122 2154; x_wconf 90' lang='lat' dir='ltr'>impositum</span> <span class='ocrx_word' id='word_1_363' title='bbox 1156 2108 1257 2148; x_wconf 88' lang='lat' dir='ltr'>erat,</span> <span class='ocrx_word' id='word_1_364' title='bbox 1288 2099 1467 2155; x_wconf 83' lang='lat' dir='ltr'>pergula</span> <span class='ocrx_word' id='word_1_365' title='bbox 1499 2098 1624 2140; x_wconf 83' lang='lat' dir='ltr'>affixa</span> <span class='ocrx_word' id='word_1_366' title='bbox 1645 2114 1727 2140; x_wconf 91' lang='lat' dir='ltr'>non</span> <span class='ocrx_word' id='word_1_367' title='bbox 1749 2107 1849 2149; x_wconf 85' lang='lat' dir='ltr'>erat,</span> <span class='ocrx_word' id='word_1_368' title='bbox 1880 2113 1932 2140; x_wconf 89' lang='lat' dir='ltr'>ne</span> <span class='ocrx_word' id='word_1_369' title='bbox 1963 2097 2254 2141; x_wconf 88' lang='lat' dir='ltr'>humiliora</span> <span class='ocrx_word' id='word_1_370' title='bbox 2291 2097 2478 2139; x_wconf 86' lang='lat' dir='ltr'>tabulata</span> <span class='ocrx_word' id='word_1_371' title='bbox 2497 2092 2667 2152; x_wconf 77' lang='grc' dir='ltr'><em>ἐσχάρᾳ</em></span> 
     </span>
     <span class='ocr_line' id='line_1_31' title="bbox 273 2165 2666 2225; baseline 0 -15"><span class='ocrx_word' id='word_1_372' title='bbox 273 2170 394 2211; x_wconf 89' lang='lat' dir='ltr'>nimis</span> <span class='ocrx_word' id='word_1_373' title='bbox 423 2178 561 2211; x_wconf 87' lang='lat' dir='ltr'>essent</span> <span class='ocrx_word' id='word_1_374' title='bbox 582 2171 830 2225; x_wconf 90' lang='lat' dir='ltr'>propinqua,</span> <span class='ocrx_word' id='word_1_375' title='bbox 861 2185 971 2212; x_wconf 91' lang='lat' dir='ltr'>neve</span> <span class='ocrx_word' id='word_1_376' title='bbox 1002 2170 1146 2211; x_wconf 89' lang='lat' dir='ltr'>lumini</span> <span class='ocrx_word' id='word_1_377' title='bbox 1176 2186 1250 2225; x_wconf 84' lang='lat' dir='ltr'>per</span> <span class='ocrx_word' id='word_1_378' title='bbox 1278 2172 1377 2212; x_wconf 90' lang='lat' dir='ltr'>tecti</span> <span class='ocrx_word' id='word_1_379' title='bbox 1408 2171 1597 2211; x_wconf 88' lang='lat' dir='ltr'>foramen</span> <span class='ocrx_word' id='word_1_380' title='bbox 1627 2170 1765 2211; x_wconf 83' lang='lat' dir='ltr'>infuso</span> <span class='ocrx_word' id='word_1_381' title='bbox 1796 2171 1835 2211; x_wconf 87' lang='lat' dir='ltr'>in</span> <span class='ocrx_word' id='word_1_382' title='bbox 1864 2165 1998 2222; x_wconf 83' lang='grc' dir='ltr'><em>μυχόν</em></span> <span class='ocrx_word' id='word_1_383' title='bbox 2027 2169 2093 2211; x_wconf 91' lang='lat' dir='ltr'>vel</span> <span class='ocrx_word' id='word_1_384' title='bbox 2123 2169 2241 2211; x_wconf 88' lang='lat' dir='ltr'>fumo</span> <span class='ocrx_word' id='word_1_385' title='bbox 2273 2183 2295 2210; x_wconf 87' lang='lat' dir='ltr'>e</span> <span class='ocrx_word' id='word_1_386' title='bbox 2324 2169 2449 2221; x_wconf 80' lang='grc' dir='ltr'>μυχῶ</span> <span class='ocrx_word' id='word_1_387' title='bbox 2477 2169 2666 2211; x_wconf 87' lang='lat' dir='ltr'>evolanti</span> 
     </span>
     <span class='ocr_line' id='line_1_32' title="bbox 269 2235 2664 2297; baseline 0 -16"><span class='ocrx_word' id='word_1_388' title='bbox 269 2240 389 2282; x_wconf 88' lang='lat' dir='ltr'>nimis</span> <span class='ocrx_word' id='word_1_389' title='bbox 431 2240 685 2282; x_wconf 80' lang='lat' dir='ltr'>ofliceretur.</span> <span class='ocrx_word' id='word_1_390' title='bbox 759 2242 822 2282; x_wconf 89' lang='lat' dir='ltr'>Ita</span> <span class='ocrx_word' id='word_1_391' title='bbox 862 2241 997 2282; x_wconf 87' lang='lat' dir='ltr'>altera</span> <span class='ocrx_word' id='word_1_392' title='bbox 1036 2241 1125 2294; x_wconf 85' lang='lat' dir='ltr'>illa,</span> <span class='ocrx_word' id='word_1_393' title='bbox 1170 2241 1342 2292; x_wconf 87' lang='lat' dir='ltr'>Ulixea,</span> <span class='ocrx_word' id='word_1_394' title='bbox 1384 2236 1608 2296; x_wconf 66' lang='grc' dir='ltr'><em>μεσόδμης</em></span> <span class='ocrx_word' id='word_1_395' title='bbox 1651 2241 1805 2290; x_wconf 86' lang='lat' dir='ltr'>forma,</span> <span class='ocrx_word' id='word_1_396' title='bbox 1845 2256 1970 2297; x_wconf 88' lang='lat' dir='ltr'>quam</span> <span class='ocrx_word' id='word_1_397' title='bbox 2017 2255 2112 2282; x_wconf 88' lang='lat' dir='ltr'>cum</span> <span class='ocrx_word' id='word_1_398' title='bbox 2163 2235 2403 2297; x_wconf 79' lang='grc' dir='ltr'><em>κρεμάθρᾳ</em></span> <span class='ocrx_word' id='word_1_399' title='bbox 2431 2240 2664 2296; x_wconf 78' lang='lat' dir='ltr'>(soupente)</span> 
     </span>
     <span class='ocr_line' id='line_1_33' title="bbox 273 2311 2665 2368; baseline -0.001 -14"><span class='ocrx_word' id='word_1_400' title='bbox 273 2313 621 2368; x_wconf 89' lang='lat' dir='ltr'>comparavimus,</span> <span class='ocrx_word' id='word_1_401' title='bbox 654 2327 740 2354; x_wconf 88' lang='lat' dir='ltr'>non</span> <span class='ocrx_word' id='word_1_402' title='bbox 762 2312 887 2355; x_wconf 89' lang='lat' dir='ltr'>modo</span> <span class='ocrx_word' id='word_1_403' title='bbox 908 2312 1129 2355; x_wconf 87' lang='lat' dir='ltr'>conveniet</span> <span class='ocrx_word' id='word_1_404' title='bbox 1149 2313 1199 2354; x_wconf 89' lang='lat' dir='ltr'>ad</span> <span class='ocrx_word' id='word_1_405' title='bbox 1228 2313 1323 2355; x_wconf 88' lang='lat' dir='ltr'>loca</span> <span class='ocrx_word' id='word_1_406' title='bbox 1352 2313 1706 2367; x_wconf 87' lang='lat' dir='ltr'>circumjacentia,</span> <span class='ocrx_word' id='word_1_407' title='bbox 1737 2312 1874 2367; x_wconf 89' lang='lat' dir='ltr'>qualia</span> <span class='ocrx_word' id='word_1_408' title='bbox 1902 2327 2028 2367; x_wconf 85' lang='lat' dir='ltr'>supra</span> <span class='ocrx_word' id='word_1_409' title='bbox 2057 2327 2111 2353; x_wconf 82' lang='lat' dir='ltr'>ex</span> <span class='ocrx_word' id='word_1_410' title='bbox 2141 2311 2380 2352; x_wconf 87' lang='lat' dir='ltr'>Homericis</span> <span class='ocrx_word' id='word_1_411' title='bbox 2410 2311 2665 2352; x_wconf 88' lang='lat' dir='ltr'>carminibus</span> 
     </span>
     <span class='ocr_line' id='line_1_34' title="bbox 273 2381 2664 2440; baseline 0 -17"><span class='ocrx_word' id='word_1_412' title='bbox 273 2381 503 2439; x_wconf 84' lang='lat' dir='ltr'>depingere</span> <span class='ocrx_word' id='word_1_413' title='bbox 534 2384 673 2425; x_wconf 85' lang='lat' dir='ltr'>conati</span> <span class='ocrx_word' id='word_1_414' title='bbox 716 2398 885 2432; x_wconf 92' lang='lat' dir='ltr'>sumus,</span> <span class='ocrx_word' id='word_1_415' title='bbox 917 2383 990 2425; x_wconf 92' lang='lat' dir='ltr'>sed</span> <span class='ocrx_word' id='word_1_416' title='bbox 1021 2383 1143 2425; x_wconf 87' lang='lat' dir='ltr'>etiam</span> <span class='ocrx_word' id='word_1_417' title='bbox 1174 2385 1406 2426; x_wconf 87' lang='lat' dir='ltr'>secundum</span> <span class='ocrx_word' id='word_1_418' title='bbox 1436 2383 1808 2440; x_wconf 84' lang='lat' dir='ltr'>grammaticorum</span> <span class='ocrx_word' id='word_1_419' title='bbox 1839 2383 1970 2424; x_wconf 88' lang='lat' dir='ltr'>verba</span> <span class='ocrx_word' id='word_1_420' title='bbox 2000 2391 2196 2424; x_wconf 88' lang='lat' dir='ltr'>accurate</span> <span class='ocrx_word' id='word_1_421' title='bbox 2225 2396 2427 2437; x_wconf 83' lang='lat' dir='ltr'>expressa</span> <span class='ocrx_word' id='word_1_422' title='bbox 2460 2388 2537 2422; x_wconf 88' lang='lat' dir='ltr'>est.</span> <span class='ocrx_word' id='word_1_423' title='bbox 2594 2382 2664 2423; x_wconf 92' lang='lat' dir='ltr'>In-</span> 
     </span>
     <span class='ocr_line' id='line_1_35' title="bbox 272 2446 2665 2511; baseline 0.001 -18"><span class='ocrx_word' id='word_1_424' title='bbox 272 2459 339 2494; x_wconf 87' lang='lat' dir='ltr'>ter</span> <span class='ocrx_word' id='word_1_425' title='bbox 376 2454 594 2495; x_wconf 85' lang='lat' dir='ltr'>columnas</span> <span class='ocrx_word' id='word_1_426' title='bbox 632 2454 742 2497; x_wconf 91' lang='lat' dir='ltr'>enim</span> <span class='ocrx_word' id='word_1_427' title='bbox 781 2453 987 2511; x_wconf 85' lang='lat' dir='ltr'>pergulae</span> <span class='ocrx_word' id='word_1_428' title='bbox 1018 2462 1191 2498; x_wconf 84' lang='lat' dir='ltr'>exortae</span> <span class='ocrx_word' id='word_1_429' title='bbox 1231 2463 1328 2496; x_wconf 89' lang='lat' dir='ltr'>sunt</span> <span class='ocrx_word' id='word_1_430' title='bbox 1358 2455 1484 2511; x_wconf 85' lang='lat' dir='ltr'>idque</span> <span class='ocrx_word' id='word_1_431' title='bbox 1516 2454 1696 2511; x_wconf 83' lang='lat' dir='ltr'>epistylii</span> <span class='ocrx_word' id='word_1_432' title='bbox 1727 2446 1970 2509; x_wconf 82' lang='grc' dir='ltr'><em>(διατόνου)</em></span> <span class='ocrx_word' id='word_1_433' title='bbox 2000 2453 2324 2508; x_wconf 82' lang='lat' dir='ltr'>significatione,</span> <span class='ocrx_word' id='word_1_434' title='bbox 2366 2467 2489 2507; x_wconf 90' lang='lat' dir='ltr'>quam</span> <span class='ocrx_word' id='word_1_435' title='bbox 2518 2449 2665 2504; x_wconf 86' lang='grc' dir='ltr'><em>μεσό-</em></span> 
     </span>
     <span class='ocr_line' id='line_1_36' title="bbox 273 2521 2665 2581; baseline 0.001 -17"><span class='ocrx_word' id='word_1_436' title='bbox 273 2523 383 2578; x_wconf 76' lang='grc' dir='ltr'><em>δμης</em></span> <span class='ocrx_word' id='word_1_437' title='bbox 411 2525 621 2579; x_wconf 87' lang='lat' dir='ltr'>propriam</span> <span class='ocrx_word' id='word_1_438' title='bbox 650 2540 742 2566; x_wconf 87' lang='lat' dir='ltr'>esse</span> <span class='ocrx_word' id='word_1_439' title='bbox 774 2525 965 2574; x_wconf 91' lang='lat' dir='ltr'>vidimus,</span> <span class='ocrx_word' id='word_1_440' title='bbox 995 2525 1219 2581; x_wconf 88' lang='lat' dir='ltr'>diligenter</span> <span class='ocrx_word' id='word_1_441' title='bbox 1249 2526 1485 2569; x_wconf 83' lang='lat' dir='ltr'>observata.</span> <span class='ocrx_word' id='word_1_442' title='bbox 1544 2526 1615 2569; x_wconf 92' lang='lat' dir='ltr'>Ad</span> <span class='ocrx_word' id='word_1_443' title='bbox 1640 2526 1719 2567; x_wconf 92' lang='lat' dir='ltr'>hoc</span> <span class='ocrx_word' id='word_1_444' title='bbox 1750 2525 1973 2568; x_wconf 84' lang='lat' dir='ltr'>difficultas</span> <span class='ocrx_word' id='word_1_445' title='bbox 2000 2524 2071 2567; x_wconf 92' lang='lat' dir='ltr'>illa</span> <span class='ocrx_word' id='word_1_446' title='bbox 2100 2523 2326 2566; x_wconf 87' lang='lat' dir='ltr'>verborum</span> <span class='ocrx_word' id='word_1_447' title='bbox 2355 2521 2406 2567; x_wconf 78' lang='grc' dir='ltr'>τό</span> <span class='ocrx_word' id='word_1_448' title='bbox 2436 2522 2571 2576; x_wconf 83' lang='grc' dir='ltr'><em>μέσον</em></span> <span class='ocrx_word' id='word_1_449' title='bbox 2587 2525 2665 2581; x_wconf 76' lang='grc' dir='ltr'>τῆς</span> 
     </span>
     <span class='ocr_line' id='line_1_37' title="bbox 273 2586 2663 2653; baseline 0.001 -18"><span class='ocrx_word' id='word_1_450' title='bbox 273 2593 421 2650; x_wconf 73' lang='grc' dir='ltr'><em>στέγης</em></span> <span class='ocrx_word' id='word_1_451' title='bbox 450 2586 591 2647; x_wconf 68' lang='grc' dir='ltr'><em>ξύλον,</em></span> <span class='ocrx_word' id='word_1_452' title='bbox 622 2610 729 2650; x_wconf 85' lang='lat' dir='ltr'>quae</span> <span class='ocrx_word' id='word_1_453' title='bbox 759 2596 846 2637; x_wconf 90' lang='lat' dir='ltr'>sola</span> <span class='ocrx_word' id='word_1_454' title='bbox 877 2612 1004 2653; x_wconf 90' lang='lat' dir='ltr'>supra</span> <span class='ocrx_word' id='word_1_455' title='bbox 1034 2597 1233 2653; x_wconf 90' lang='lat' dir='ltr'>impedire</span> <span class='ocrx_word' id='word_1_456' title='bbox 1265 2598 1498 2648; x_wconf 89' lang='lat' dir='ltr'>videbatur,</span> <span class='ocrx_word' id='word_1_457' title='bbox 1530 2597 1751 2653; x_wconf 88' lang='lat' dir='ltr'>quominus</span> <span class='ocrx_word' id='word_1_458' title='bbox 1781 2597 1957 2639; x_wconf 91' lang='lat' dir='ltr'>vocibus</span> <span class='ocrx_word' id='word_1_459' title='bbox 1989 2595 2243 2650; x_wconf 73' lang='grc' dir='ltr'><em>»μέλαθρον</em></span> <span class='ocrx_word' id='word_1_460' title='bbox 2269 2595 2310 2636; x_wconf 94' lang='lat' dir='ltr'>D</span> <span class='ocrx_word' id='word_1_461' title='bbox 2336 2597 2385 2637; x_wconf 87' lang='lat' dir='ltr'>ad</span> <span class='ocrx_word' id='word_1_462' title='bbox 2422 2599 2476 2648; x_wconf 90' lang='lat' dir='ltr'>l.)</span> <span class='ocrx_word' id='word_1_463' title='bbox 2507 2604 2548 2638; x_wconf 88' lang='lat' dir='ltr'>et</span> <span class='ocrx_word' id='word_1_464' title='bbox 2574 2611 2663 2649; x_wconf 91' lang='grc' dir='ltr'>με-</span> 
     </span>
     <span class='ocr_line' id='line_1_38' title="bbox 271 2657 2662 2723; baseline 0 -15"><span class='ocrx_word' id='word_1_465' title='bbox 271 2657 411 2722; x_wconf 83' lang='grc' dir='ltr'><em>σόδμη</em></span> <span class='ocrx_word' id='word_1_466' title='bbox 438 2668 480 2708; x_wconf 90' lang='grc' dir='ltr'><strong>Α</strong></span> <span class='ocrx_word' id='word_1_467' title='bbox 514 2670 595 2721; x_wconf 74' lang='lat' dir='ltr'>l.)a</span> <span class='ocrx_word' id='word_1_468' title='bbox 628 2667 817 2722; x_wconf 87' lang='lat' dir='ltr'>ejusdem</span> <span class='ocrx_word' id='word_1_469' title='bbox 845 2668 974 2710; x_wconf 84' lang='lat' dir='ltr'>trabis</span> <span class='ocrx_word' id='word_1_470' title='bbox 1005 2678 1271 2711; x_wconf 80' lang='lat' dir='ltr'>transversae</span> <span class='ocrx_word' id='word_1_471' title='bbox 1302 2670 1383 2711; x_wconf 84' lang='lat' dir='ltr'>vim</span> <span class='ocrx_word' id='word_1_472' title='bbox 1414 2669 1731 2723; x_wconf 88' lang='lat' dir='ltr'>subjiceremus,</span> <span class='ocrx_word' id='word_1_473' title='bbox 1762 2669 1947 2717; x_wconf 84' lang='lat' dir='ltr'>tolletur,</span> <span class='ocrx_word' id='word_1_474' title='bbox 1980 2668 2012 2708; x_wconf 89' lang='lat' dir='ltr'>si</span> <span class='ocrx_word' id='word_1_475' title='bbox 2041 2660 2303 2723; x_wconf 69' lang='grc' dir='ltr'><em>κρεμάθρας</em></span> <span class='ocrx_word' id='word_1_476' title='bbox 2332 2667 2443 2708; x_wconf 89' lang='lat' dir='ltr'>illius</span> <span class='ocrx_word' id='word_1_477' title='bbox 2472 2667 2662 2722; x_wconf 87' lang='lat' dir='ltr'>(alterius</span> 
     </span>
     <span class='ocr_line' id='line_1_39' title="bbox 267 2735 2660 2796; baseline 0 -16"><span class='ocrx_word' id='word_1_478' title='bbox 267 2735 512 2795; x_wconf 77' lang='grc' dir='ltr'><em>μεσόδμης)</em></span> <span class='ocrx_word' id='word_1_479' title='bbox 554 2739 760 2782; x_wconf 89' lang='lat' dir='ltr'>rationem</span> <span class='ocrx_word' id='word_1_480' title='bbox 804 2740 1135 2796; x_wconf 85' lang='lat' dir='ltr'>probaverimus.</span> <span class='ocrx_word' id='word_1_481' title='bbox 1203 2742 1495 2786; x_wconf 65' lang='lat' dir='ltr'>»Medium</span> <span class='ocrx_word' id='word_1_482' title='bbox 1536 2740 1647 2783; x_wconf 91' lang='lat' dir='ltr'>enim</span> <span class='ocrx_word' id='word_1_483' title='bbox 1685 2739 1897 2796; x_wconf 74' lang='lat' dir='ltr'>tignum</span> <span class='ocrx_word' id='word_1_484' title='bbox 1926 2740 2219 2795; x_wconf 81' lang='lat' dir='ltr'>tignorum</span> <span class='ocrx_word' id='word_1_485' title='bbox 2251 2737 2479 2795; x_wconf 75' lang='grc' dir='ltr'><em>στέγηςα</em></span> <span class='ocrx_word' id='word_1_486' title='bbox 2512 2740 2552 2781; x_wconf 92' lang='lat' dir='ltr'>in</span> <span class='ocrx_word' id='word_1_487' title='bbox 2582 2740 2660 2781; x_wconf 87' lang='lat' dir='ltr'>hac</span> 
     </span>
     <span class='ocr_line' id='line_1_40' title="bbox 270 2811 2661 2867; baseline 0 -15"><span class='ocrx_word' id='word_1_488' title='bbox 270 2812 432 2853; x_wconf 86' lang='lat' dir='ltr'>ratione</span> <span class='ocrx_word' id='word_1_489' title='bbox 473 2821 587 2854; x_wconf 89' lang='lat' dir='ltr'>recte</span> <span class='ocrx_word' id='word_1_490' title='bbox 632 2811 873 2867; x_wconf 88' lang='lat' dir='ltr'>epistylium</span> <span class='ocrx_word' id='word_1_491' title='bbox 904 2812 1213 2863; x_wconf 85' lang='lat' dir='ltr'>nominabitur,</span> <span class='ocrx_word' id='word_1_492' title='bbox 1260 2814 1293 2855; x_wconf 92' lang='lat' dir='ltr'>si</span> <span class='ocrx_word' id='word_1_493' title='bbox 1332 2813 1563 2856; x_wconf 88' lang='lat' dir='ltr'>contuleris</span> <span class='ocrx_word' id='word_1_494' title='bbox 1593 2819 1644 2854; x_wconf 90' lang='lat' dir='ltr'>et</span> <span class='ocrx_word' id='word_1_495' title='bbox 1674 2813 1806 2866; x_wconf 72' lang='lat' dir='ltr'>tigilla</span> <span class='ocrx_word' id='word_1_496' title='bbox 1835 2823 2077 2853; x_wconf 87' lang='lat' dir='ltr'>transversa</span> <span class='ocrx_word' id='word_1_497' title='bbox 2105 2811 2250 2852; x_wconf 85' lang='lat' dir='ltr'>infra</span> <span class='ocrx_word' id='word_1_498' title='bbox 2279 2811 2520 2866; x_wconf 86' lang='lat' dir='ltr'>epistylium</span> <span class='ocrx_word' id='word_1_499' title='bbox 2551 2812 2661 2852; x_wconf 88' lang='lat' dir='ltr'>inter</span> 
     </span>
     <span class='ocr_line' id='line_1_41' title="bbox 272 2882 2660 2940; baseline 0 -17"><span class='ocrx_word' id='word_1_500' title='bbox 272 2882 459 2936; x_wconf 87' lang='lat' dir='ltr'>singulas</span> <span class='ocrx_word' id='word_1_501' title='bbox 489 2883 706 2925; x_wconf 88' lang='lat' dir='ltr'>columnas</span> <span class='ocrx_word' id='word_1_502' title='bbox 732 2883 919 2925; x_wconf 87' lang='lat' dir='ltr'>immissa</span> <span class='ocrx_word' id='word_1_503' title='bbox 950 2892 1001 2925; x_wconf 86' lang='lat' dir='ltr'>et</span> <span class='ocrx_word' id='word_1_504' title='bbox 1040 2885 1327 2940; x_wconf 88' lang='lat' dir='ltr'>superiora</span> <span class='ocrx_word' id='word_1_505' title='bbox 1353 2884 1660 2927; x_wconf 85' lang='lat' dir='ltr'>materiationis</span> <span class='ocrx_word' id='word_1_506' title='bbox 1690 2883 1816 2938; x_wconf 75' lang='lat' dir='ltr'>tigna.</span> <span class='ocrx_word' id='word_1_507' title='bbox 1874 2883 2030 2924; x_wconf 89' lang='lat' dir='ltr'>Totam</span> <span class='ocrx_word' id='word_1_508' title='bbox 2061 2896 2163 2924; x_wconf 85' lang='lat' dir='ltr'>vero</span> <span class='ocrx_word' id='word_1_509' title='bbox 2193 2882 2422 2936; x_wconf 86' lang='lat' dir='ltr'>tigillorum</span> <span class='ocrx_word' id='word_1_510' title='bbox 2454 2891 2496 2924; x_wconf 87' lang='lat' dir='ltr'>et</span> <span class='ocrx_word' id='word_1_511' title='bbox 2526 2882 2660 2937; x_wconf 84' lang='lat' dir='ltr'>tigno-</span> 
     </span>
     <span class='ocr_line' id='line_1_42' title="bbox 270 2951 2661 3013; baseline 0 -19"><span class='ocrx_word' id='word_1_512' title='bbox 270 2968 364 2994; x_wconf 89' lang='lat' dir='ltr'>rum</span> <span class='ocrx_word' id='word_1_513' title='bbox 408 2953 577 2995; x_wconf 89' lang='lat' dir='ltr'>illorum</span> <span class='ocrx_word' id='word_1_514' title='bbox 618 2969 866 3011; x_wconf 85' lang='lat' dir='ltr'>compagem</span> <span class='ocrx_word' id='word_1_515' title='bbox 908 2954 1060 3010; x_wconf 71' lang='grc' dir='ltr'><em>στέγης</em></span> <span class='ocrx_word' id='word_1_516' title='bbox 1097 2970 1181 2996; x_wconf 91' lang='lat' dir='ltr'>uno</span> <span class='ocrx_word' id='word_1_517' title='bbox 1223 2956 1388 2998; x_wconf 89' lang='lat' dir='ltr'>nomine</span> <span class='ocrx_word' id='word_1_518' title='bbox 1427 2955 1631 3013; x_wconf 87' lang='lat' dir='ltr'>appellari</span> <span class='ocrx_word' id='word_1_519' title='bbox 1667 2969 1791 2996; x_wconf 89' lang='lat' dir='ltr'>nemo</span> <span class='ocrx_word' id='word_1_520' title='bbox 1821 2953 2050 3004; x_wconf 88' lang='lat' dir='ltr'>mirabitur,</span> <span class='ocrx_word' id='word_1_521' title='bbox 2081 2968 2210 3009; x_wconf 88' lang='lat' dir='ltr'>quum</span> <span class='ocrx_word' id='word_1_522' title='bbox 2242 2951 2392 3008; x_wconf 74' lang='grc' dir='ltr'><em>στέγης</em></span> <span class='ocrx_word' id='word_1_523' title='bbox 2420 2952 2589 2995; x_wconf 87' lang='lat' dir='ltr'>nomine</span> <span class='ocrx_word' id='word_1_524' title='bbox 2619 2960 2661 2995; x_wconf 87' lang='lat' dir='ltr'>et</span> 
     </span>
     <span class='ocr_line' id='line_1_43' title="bbox 269 3024 2077 3083; baseline -0.001 -17"><span class='ocrx_word' id='word_1_525' title='bbox 269 3024 444 3066; x_wconf 87' lang='lat' dir='ltr'>lacunar</span> <span class='ocrx_word' id='word_1_526' title='bbox 475 3034 518 3067; x_wconf 88' lang='lat' dir='ltr'>et</span> <span class='ocrx_word' id='word_1_527' title='bbox 545 3025 683 3080; x_wconf 88' lang='lat' dir='ltr'>ipsum</span> <span class='ocrx_word' id='word_1_528' title='bbox 714 3035 873 3069; x_wconf 91' lang='lat' dir='ltr'>tectum</span> <span class='ocrx_word' id='word_1_529' title='bbox 905 3028 1131 3080; x_wconf 75' lang='lat' dir='ltr'>significari</span> <span class='ocrx_word' id='word_1_530' title='bbox 1162 3042 1284 3081; x_wconf 90' lang='lat' dir='ltr'>posse</span> <span class='ocrx_word' id='word_1_531' title='bbox 1311 3043 1436 3083; x_wconf 90' lang='lat' dir='ltr'>supra</span> <span class='ocrx_word' id='word_1_532' title='bbox 1467 3027 1543 3082; x_wconf 88' lang='lat'>(11,</span> <span class='ocrx_word' id='word_1_533' title='bbox 1574 3026 1619 3080; x_wconf 91' lang='lat'>9)</span> <span class='ocrx_word' id='word_1_534' title='bbox 1648 3026 1980 3067; x_wconf 84' lang='lat' dir='ltr'>demonstratum</span> <span class='ocrx_word' id='word_1_535' title='bbox 2012 3026 2077 3065; x_wconf 90' lang='lat' dir='ltr'>sit.</span> 
     </span>
    </p>

    <p class='ocr_par' dir='ltr' id='par_1_6' title="bbox 267 3084 2659 3370">
     <span class='ocr_line' id='line_1_44' title="bbox 408 3084 2659 3154; baseline -0.001 -17"><span class='ocrx_word' id='word_1_536' title='bbox 408 3094 491 3138; x_wconf 88' lang='lat' dir='ltr'>Sed</span> <span class='ocrx_word' id='word_1_537' title='bbox 520 3084 775 3152; x_wconf 89' lang='lat' dir='ltr'>quamquam</span> <span class='ocrx_word' id='word_1_538' title='bbox 808 3096 1034 3154; x_wconf 80' lang='grc' dir='ltr'><em>μέλαθρον</em></span> <span class='ocrx_word' id='word_1_539' title='bbox 1063 3113 1087 3140; x_wconf 89' lang='lat' dir='ltr'>a</span> <span class='ocrx_word' id='word_1_540' title='bbox 1115 3098 1399 3154; x_wconf 83' lang='lat' dir='ltr'>grammaticis</span> <span class='ocrx_word' id='word_1_541' title='bbox 1429 3097 1607 3140; x_wconf 86' lang='lat' dir='ltr'>eandem</span> <span class='ocrx_word' id='word_1_542' title='bbox 1635 3096 1795 3138; x_wconf 89' lang='lat' dir='ltr'>trabem</span> <span class='ocrx_word' id='word_1_543' title='bbox 1825 3096 2079 3138; x_wconf 83' lang='lat' dir='ltr'>nominatam</span> <span class='ocrx_word' id='word_1_544' title='bbox 2111 3109 2203 3137; x_wconf 90' lang='lat' dir='ltr'>esse</span> <span class='ocrx_word' id='word_1_545' title='bbox 2224 3103 2402 3146; x_wconf 83' lang='lat' dir='ltr'>constat,</span> <span class='ocrx_word' id='word_1_546' title='bbox 2434 3094 2503 3136; x_wconf 92' lang='lat' dir='ltr'>cui</span> <span class='ocrx_word' id='word_1_547' title='bbox 2528 3085 2659 3146; x_wconf 83' lang='grc' dir='ltr'><em>μεσό-</em></span> 
     </span>
     <span class='ocr_line' id='line_1_45' title="bbox 270 3165 2657 3227; baseline -0 -19"><span class='ocrx_word' id='word_1_548' title='bbox 270 3165 382 3222; x_wconf 79' lang='grc' dir='ltr'><em>δμης</em></span> <span class='ocrx_word' id='word_1_549' title='bbox 422 3182 575 3211; x_wconf 91' lang='lat' dir='ltr'>nomen</span> <span class='ocrx_word' id='word_1_550' title='bbox 606 3168 923 3221; x_wconf 89' lang='lat' dir='ltr'>vindicavimus,</span> <span class='ocrx_word' id='word_1_551' title='bbox 953 3178 1095 3213; x_wconf 90' lang='lat' dir='ltr'>tamen</span> <span class='ocrx_word' id='word_1_552' title='bbox 1126 3178 1224 3212; x_wconf 91' lang='lat' dir='ltr'>sunt</span> <span class='ocrx_word' id='word_1_553' title='bbox 1253 3170 1449 3220; x_wconf 77' lang='lat' dir='ltr'>tortasse,</span> <span class='ocrx_word' id='word_1_554' title='bbox 1480 3171 1551 3227; x_wconf 91' lang='lat' dir='ltr'>qui</span> <span class='ocrx_word' id='word_1_555' title='bbox 1582 3169 1692 3225; x_wconf 86' lang='lat' dir='ltr'>apud</span> <span class='ocrx_word' id='word_1_556' title='bbox 1714 3168 1949 3210; x_wconf 90' lang='lat' dir='ltr'>Homerum</span> <span class='ocrx_word' id='word_1_557' title='bbox 1980 3169 2014 3209; x_wconf 87' lang='lat' dir='ltr'>si</span> <span class='ocrx_word' id='word_1_558' title='bbox 2045 3182 2129 3210; x_wconf 93' lang='lat' dir='ltr'>non</span> <span class='ocrx_word' id='word_1_559' title='bbox 2160 3167 2368 3216; x_wconf 87' lang='lat' dir='ltr'>omnibus,</span> <span class='ocrx_word' id='word_1_560' title='bbox 2399 3173 2443 3208; x_wconf 88' lang='lat' dir='ltr'>at</span> <span class='ocrx_word' id='word_1_561' title='bbox 2468 3165 2657 3223; x_wconf 90' lang='lat' dir='ltr'>plurimis</span> 
     </span>
     <span class='ocr_line' id='line_1_46' title="bbox 267 3229 2657 3294; baseline -0 -15"><span class='ocrx_word' id='word_1_562' title='bbox 267 3238 308 3279; x_wconf 90' lang='lat' dir='ltr'>in</span> <span class='ocrx_word' id='word_1_563' title='bbox 339 3238 439 3280; x_wconf 86' lang='lat' dir='ltr'>locis</span> <span class='ocrx_word' id='word_1_564' title='bbox 468 3240 773 3294; x_wconf 86' lang='lat' dir='ltr'>generaliorem</span> <span class='ocrx_word' id='word_1_565' title='bbox 803 3243 1039 3283; x_wconf 74' lang='lat' dir='ltr'>»lacunaris</span> <span class='ocrx_word' id='word_1_566' title='bbox 1069 3242 1213 3290; x_wconf 87' lang='lat' dir='ltr'>totius,</span> <span class='ocrx_word' id='word_1_567' title='bbox 1243 3242 1354 3290; x_wconf 87' lang='lat' dir='ltr'>tecti,</span> <span class='ocrx_word' id='word_1_568' title='bbox 1384 3242 1679 3282; x_wconf 88' lang='lat' dir='ltr'>universarum</span> <span class='ocrx_word' id='word_1_569' title='bbox 1710 3239 1900 3281; x_wconf 70' lang='lat' dir='ltr'>aedium«</span> <span class='ocrx_word' id='word_1_570' title='bbox 1932 3238 2277 3293; x_wconf 75' lang='lat' dir='ltr'>significationem</span> <span class='ocrx_word' id='word_1_571' title='bbox 2319 3238 2360 3278; x_wconf 88' lang='lat' dir='ltr'>in</span> <span class='ocrx_word' id='word_1_572' title='bbox 2392 3251 2496 3279; x_wconf 88' lang='lat' dir='ltr'>voce</span> <span class='ocrx_word' id='word_1_573' title='bbox 2521 3229 2657 3287; x_wconf 76' lang='grc' dir='ltr'><em>μελά-</em></span> 
     </span>
     <span class='ocr_line' id='line_1_47' title="bbox 270 3306 2657 3370; baseline 0 -20"><span class='ocrx_word' id='word_1_574' title='bbox 270 3310 385 3363; x_wconf 88' lang='grc' dir='ltr'><em>θρου</em></span> <span class='ocrx_word' id='word_1_575' title='bbox 415 3311 553 3351; x_wconf 87' lang='lat' dir='ltr'>inesse</span> <span class='ocrx_word' id='word_1_576' title='bbox 589 3312 861 3352; x_wconf 87' lang='lat' dir='ltr'>contendant.</span> <span class='ocrx_word' id='word_1_577' title='bbox 934 3312 1081 3369; x_wconf 85' lang='lat' dir='ltr'>Vulgo</span> <span class='ocrx_word' id='word_1_578' title='bbox 1112 3314 1222 3355; x_wconf 91' lang='lat' dir='ltr'>enim</span> <span class='ocrx_word' id='word_1_579' title='bbox 1252 3328 1276 3355; x_wconf 88' lang='lat' dir='ltr'>a</span> <span class='ocrx_word' id='word_1_580' title='bbox 1308 3314 1444 3370; x_wconf 89' lang='lat' dir='ltr'>poetis</span> <span class='ocrx_word' id='word_1_581' title='bbox 1474 3312 1626 3355; x_wconf 86' lang='lat' dir='ltr'>domus</span> <span class='ocrx_word' id='word_1_582' title='bbox 1655 3310 1846 3354; x_wconf 83' lang='lat' dir='ltr'>universa</span> <span class='ocrx_word' id='word_1_583' title='bbox 1875 3310 1955 3353; x_wconf 87' lang='lat' dir='ltr'>hoc</span> <span class='ocrx_word' id='word_1_584' title='bbox 1984 3309 2151 3353; x_wconf 88' lang='lat' dir='ltr'>nomine</span> <span class='ocrx_word' id='word_1_585' title='bbox 2181 3306 2427 3365; x_wconf 90' lang='lat' dir='ltr'>appellatur.</span> <span class='ocrx_word' id='word_1_586' title='bbox 2485 3306 2657 3351; x_wconf 82' lang='lat' dir='ltr'>Exami-</span> 
     </span>
    </p>
   </div>
  </div>
 </body>
</html>
