2955 3681
1362 102 1428 151 '79

205 260 485 319 congregatos
524 267 641 298 cum
675 250 1112 309 Amphitryone,
1154 250 1268 297 uude
1307 251 1464 295 nuncio
1499 248 1626 293 allato
1665 257 1963 293 succurrerunt
1990 264 2140 293 omnes
2152 265 2191 293 ι.
2249 250 2318 294 De
2357 250 2591 295 vicinorum

206 326 360 371 auxilio
396 324 663 386 implorando
700 337 841 382 neque
876 323 988 381 apud
1017 322 1252 368 Pindarum
1292 336 1434 380 neque
1471 322 1584 380 apud
1613 320 1891 364 Theocritum
1926 320 2082 365 mentio
2117 322 2179 366 fit.
2212 346 2259 355 -
2301 321 2430 367 Alter
2467 321 2591 366 locus

205 405 271 441 est
299 396 497 457 Sophocl.
525 395 634 439 Oed.
662 409 752 452 reg.
783 396 889 437 1237
917 410 1007 452 sqq.
1063 388 1317 452 Ἐξάγγελος
1343 392 1654 452 spectatoribus
1681 400 1868 444 enarrat,
1912 407 2020 450 quae
2048 394 2100 437 in
2114 401 2198 438 tra
2226 393 2401 438 domum
2430 395 2590 451 regiam

204 468 315 513 facta
340 470 433 522 sint,
463 484 534 526 ,ι
567 472 667 510 1241
688 460 838 517 Ὅπως
862 461 946 524 γᾶρ
972 459 1078 525 σ’ργῇ
1103 464 1302 524 χρωμένη
1329 466 1531 522 (Iocaste)
1561 463 1759 523 παρῆλθ’
1778 460 1867 507 ἔσω
1895 465 2110 520 Θυρῶνος,
2136 463 2214 508 ἵετ’
2241 460 2363 509 εὔθῠ
2392 463 2514 523 πρός
2536 460 2595 509 vo?

204 535 395 599 νυμφικᾰ
420 539 561 599 Λέχη,
589 564 645 573 —
671 534 829 589 Πύλας
856 538 896 581 δ’
918 531 1042 590 ὅπως
1065 534 1233 596 εἶςῆλθ’
1260 529 1517 595 ἐπιῤῥὴξαῶ
1544 532 1648 588 ἔσω,
1676 536 1825 580 Καλεῖ
1846 530 1923 580 τόν
1948 530 2030 592 ἤδη
2055 529 2196 580 Λάιον
2222 533 2367 582 πάλαι
2393 530 2544 596 νεκρόν
2554 553 2591 581 ⁸.

204 605 359 669 Θυριιῖν
384 614 473 657 sine
503 612 632 655 dubio
662 620 727 653 est
748 610 882 667 janua
908 611 1147 668 principalis
1175 610 1281 661 oeci,
1308 624 1385 667 per
1414 624 1540 666 quam
1569 623 1622 651 ex
1642 608 1739 651 aula
1758 610 1927 659 intrant,
1956 603 2099 650 πύλαι
2117 616 2257 651 autem
2278 617 2377 653 sunt
2395 608 2595 661 δικλίδες

205 679 365 743 θύραι,
394 701 469 743 per
497 699 602 742 quas
631 683 685 726 ad
711 680 904 740 νυμφικοὶ
933 680 1034 740 λέχη
1062 682 1284 726 accedunt.
1340 673 1592 737 Ἐξάγγελος
1618 682 1744 731 cuim,
1773 680 1845 737 qui
1872 679 1915 722 in
1945 679 2036 737 ipsa
2063 681 2187 723 domo
2216 681 2286 736 (ut
2312 684 2518 739 suspicor,
2547 683 2591 725 in

205 773 310 801 oeco
338 756 543 813 virorum)
570 755 700 798 fuerit
726 770 899 799 necesse
929 764 1009 806 est,
1039 755 1181 798 statim
1210 753 1340 804 addit,
1368 754 1494 810 paulo
1522 761 1620 810 post
1648 752 1862 809 Oedipum
1891 752 2093 809 irrupisse
2122 761 2165 795 et
2191 767 2245 795 ex
2276 768 2333 803 se,
2361 754 2432 797 ubi
2459 762 2593 797 mater

206 829 395 885 degeret,
425 826 695 885 quaesivisse,
724 841 762 869 v.
795 828 914 870 1256.
951 826 1066 869 Tum
1095 824 1235 883 pergit
1261 840 1273 867 ε
1301 821 1451 868 Δεινὸν
1478 824 1517 866 δ’
1537 815 1690 878 οἷὺσας,
1717 820 1779 873 ὥς
1808 820 2032 881 ὑφηγητοῦ
2056 816 2187 876 τινός,
2215 817 2386 874 Πύλαις
2413 824 2595 876 διπλαῖς

205 891 393 956 ἐνήλατ’·
422 897 469 942 ἐκ
507 896 558 940 δὲ
583 894 820 950 πυθμένων
844 891 1014 939 ’Έκλινε
1051 896 1215 959 κοῖλα
1248 895 1504 954 κλῇθρα,
1545 888 1797 946 κοῖμπίπτει
1834 893 2012 953 στέγῃ.
2069 887 2132 937 Οὖ
2167 889 2222 952 δὴ
2250 891 2492 952 κρεμαστὴν
2519 895 2596 954 τῆν

207 973 366 1027 γυναῖκ’
401 967 642 1023 ἐςείδομεν,
693 968 914 1019 Πλεκταῑς
949 964 1113 1025 ἐώραις
1149 966 1501 1024 ἐμπεπλεγμένην
1531 982 1568 1011 x.
1602 981 1639 1010 τ.
1677 965 1715 1009 λ.
1781 966 1921 1010 Nemo
1961 983 2044 1010 non
2083 967 2202 1010 videt
2242 960 2391 1018 πύλας
2430 967 2597 1020 διπλᾶς

209 1044 374 1088 easdem
414 1057 508 1086 esse
534 1042 669 1093 fores,
711 1057 815 1098 quas
841 1041 1009 1086 Iocaste
1044 1041 1272 1097 objecerat.
1299 1065 1357 1072 —
1382 1040 1481 1083 Jam
1509 1055 1565 1083 ex
1593 1038 1786 1082 omnibus
1815 1039 1919 1082 locis
1949 1039 2002 1082 de
2031 1039 2230 1084 cubiculo
2258 1040 2457 1097 nuptiali,
2490 1056 2596 1098 quos

207 1116 504 1166 tractavimus,
540 1114 621 1157 hoc
660 1112 852 1157 efficitur.
910 1112 1217 1156 Posterioribus
1255 1112 1512 1170 temporibus
1550 1110 1759 1154 thalamus
1798 1111 1928 1169 vulgo
1957 1112 1998 1154 in
2027 1112 2169 1170 priore
2196 1112 2347 1155 domus
2374 1112 2597 1156 mulierum

207 1194 327 1242 parte
357 1185 578 1240 (Vitruv.),
607 1184 817 1227 interdum
847 1185 889 1226 in
917 1184 1240 1240 gynaeconitide
1268 1185 1354 1227 sive
1384 1185 1525 1240 priore
1553 1183 1643 1225 sive
1670 1183 1899 1239 posteriore
1929 1183 2135 1239 (Lysias),
2165 1183 2375 1226 interdum
2401 1184 2443 1226 in
2470 1183 2597 1240 ipsius

206 1259 298 1301 oeci
342 1258 527 1300 virorum
577 1256 706 1310 μυχῷ
744 1269 874 1311 prope
916 1255 1117 1299 exedram
1157 1254 1349 1311 (Galen.)
1389 1243 1519 1298 fuisse
1559 1253 1724 1295 dicitur.
1796 1253 1979 1296 Heroica
2016 1262 2156 1297 aetate
2195 1255 2401 1312 conjuges
2442 1256 2599 1299 lectum

206 1329 412 1384 genialem
452 1329 494 1370 in
533 1328 688 1370 intimis
727 1327 902 1369 aedibus
939 1326 1168 1369 collocasse
1195 1327 1416 1377 videntur,
1456 1333 1506 1367 ut
1535 1324 1686 1366 Ulixes
1716 1331 1759 1366 et
1786 1324 1980 1376 fortasse,
2028 1325 2275 1383 quicunque
2302 1328 2432 1383 μυχῷ
2460 1325 2601 1380 δόμου

207 1400 418 1443 cubabant
444 1400 506 1452 (v.
524 1414 654 1457 supra
668 1414 708 1456 p.
725 1397 791 1453 76,
818 1414 856 1442 v.
876 1402 927 1441 10
947 1399 1071 1455 sqq.).
1102 1397 1296 1441 Achilles
1311 1405 1354 1440 et
1368 1396 1606 1448 Patroclus,
1632 1411 1811 1454 quorum
1826 1397 1997 1439 thalami
2017 1397 2202 1441 Vitruvii
2219 1406 2263 1442 et
2292 1398 2447 1443 Galeni
2464 1400 2600 1457 dupli-

206 1472 323 1515 cibus
352 1471 550 1515 thalamis
578 1470 837 1527 respondere
865 1469 1127 1521 viderentur,
1156 1469 1325 1521 Celeus,
1356 1468 1628 1526 Amphitryo,
1658 1468 1851 1526 Oedipus
1881 1485 2013 1527 prope
2043 1485 2195 1513 oecum
2224 1472 2310 1514 sive
2338 1471 2480 1515 focum
2510 1472 2602 1517 oeci

209 1559 308 1586 suos
337 1542 537 1585 habuisse
566 1541 777 1584 thalamos
806 1550 1149 1596 cognoscuntur3
1178 1550 1321 1583 utrum
1345 1540 1388 1582 in
1417 1539 1556 1596 priore
1585 1542 1917 1596 gynaeconitidis
1946 1549 2066 1598 parte
2095 1557 2248 1586 oecum
2278 1545 2515 1600 attingenti,
2548 1560 2602 1588 an

207 1615 248 1658 in
277 1613 407 1670 ipsius
437 1612 529 1656 oeci
559 1612 743 1655 virorum
773 1612 1062 1669 penetralibus
1093 1612 1311 1668 dijudicari
1342 1627 1425 1654 non
1454 1612 1620 1668 poterit.
1673 1613 1865 1654 Thalami
1893 1614 1933 1655 in
1964 1607 2155 1670 ὑπερῴῳ
2183 1616 2250 1658 siti
2278 1617 2516 1673 exemplum
2546 1617 2600 1661 ab

207 1685 369 1742 antiqui
411 1684 613 1741 temporis
656 1682 930 1739 scriptoribus
969 1682 1132 1725 nullum
1168 1682 1371 1734 affertur;
1411 1684 1690 1740 posteriorum
1720 1692 1953 1739 temporum
1983 1687 2236 1741 paucissima
2264 1688 2434 1743 quidem
2464 1704 2601 1746 eaque

210 1773 295 1800 non
335 1754 480 1812 magni
518 1754 715 1798 facienda
754 1757 815 1806 (v.
845 1754 974 1797 Beck.
1011 1754 1194 1797 Charicl.
1224 1754 1269 1805 Ι,
1302 1757 1398 1806 178)
1437 1755 1720 1797 inveniuntur.
1789 1756 1857 1798 Ac
1887 1756 1975 1811 jam
2016 1765 2146 1799 totam
2174 1758 2284 1800 hanc
2312 1774 2402 1801 rem
2433 1760 2602 1803 mittere

208 1842 444 1886 possemuS,
473 1825 553 1869 nisi
583 1825 635 1870 de
666 1825 889 1870 Theocriti
918 1833 961 1869 et
990 1825 1211 1883 Sophoclis
1239 1825 1340 1869 locis
1368 1826 1509 1868 minus
1538 1833 1736 1869 accurate
1757 1826 1971 1881 judicasse
2000 1829 2252 1872 videremur.
2311 1829 2428 1882 Quid
2458 1833 2605 1879 enim?

210 1900 404 1957 inquies;
439 1897 673 1941 thalamum
714 1898 827 1955 apud
863 1907 1094 1955 utrumque
1131 1897 1375 1956 scriptorem
1416 1897 1527 1940 intra
1562 1898 1877 1955 gynaeconitim
1916 1898 2045 1944 fuisse
2081 1909 2268 1959 oportet,
2307 1919 2440 1961 quum
2471 1903 2605 1960 janua

210 1973 318 2015 iuter
346 1970 579 2013 thalamum
611 1979 653 2012 et
685 1984 836 2013 oecum
865 1970 1017 2021 fuerit;
1048 1971 1089 2011 in
1118 1969 1207 2013 oeci
1236 1970 1420 2029 virorum
1447 1970 1577 2025 μυχῷ
1603 1970 1734 2025 igitur
1761 1986 1846 2014 non
1875 1971 1968 2014 fuit.

347 2036 507 2095 Μυχὸς
542 2042 635 2084 oeci
674 2042 859 2084 virorum
898 2042 939 2084 in
968 2041 1134 2084 Ulixeis
1161 2041 1335 2084 aedibus
1365 2042 1416 2083 ab
1444 2041 1535 2098 ipso
1564 2056 1669 2085 oeco
1693 2041 1822 2096 janua
1852 2043 2043 2086 seclusus
2071 2059 2155 2087 non
2186 2044 2279 2087 fuit.
2336 2045 2387 2089 Id
2415 2061 2467 2090 ex
2496 2048 2603 2092 libro
2650 2051 2731 2093 Quo
2766 2050 2891 2104 modo*

210 2114 309 2156 22ᾱο
329 2113 551 2170 Odysseae
580 2113 693 2154 clare
721 2120 909 2170 apparet.
946 2113 1060 2156 Num
1092 2126 1194 2155 vero
1221 2104 1358 2165 μυχός
1385 2112 1521 2155 ubivis
1550 2114 1724 2170 antiquo
1753 2123 1942 2172 tempore
1965 2115 2099 2170 janua
2127 2117 2325 2169 caruerit,
2350 2118 2439 2174 jam
2467 2120 2603 2177 inqui·

2627 2099 2731 2130 verba
2768 2136 2777 2149 ,
2798 2110 2895 2146 παρα

210 2200 367 2228 ramus.
410 2209 456 2216 —
500 2183 638 2239 Supra
668 2185 734 2235 II,
773 2200 814 2241 p.
849 2188 898 2226 12
928 2199 1018 2240 sqq.
1058 2184 1436 2227 demonstravimus
1474 2184 1608 2227 verbis
1647 2183 1773 2241 παρὰ
1811 2180 2012 2238 σταθμόν
2042 2185 2191 2242 τέγεος
2233 2181 2353 2230 πύκα
2386 2193 2605 2246 ποιητοῖο,
2626 2146 2897 2266 {gs-5:³23}

211 2271 320 2312 quae
350 2254 572 2311 quinquies
601 2256 642 2296 in
664 2256 858 2310 Odyssea
886 2261 930 2296 et
955 2254 1084 2296 semel
1114 2255 1175 2307 (v.
1200 2255 1296 2309 186)
1326 2256 1369 2296 in
1390 2255 1549 2310 hymno
1577 2255 1620 2296 in
1642 2255 1789 2298 Cerer.
1819 2257 2104 2307 inveniuntur,
2133 2259 2373 2301 columnam
2391 2260 2607 2315 fastigium
2630 2238 2726 2311 (my-m
2742 2288 2777 2310 v,
2816 2279 2896 2322 186)

211 2327 378 2371 aedium
417 2326 696 2368 sustinentem
742 2324 965 2381 significari
1008 2340 1096 2367 non
1132 2340 1287 2381 posse3
1335 2326 1555 2380 coegimus
1590 2327 1755 2381 potius,
1803 2328 1967 2369 collatis
2007 2329 2229 2371 simillimis
2267 2331 2405 2373 verbis
2449 2330 2609 2388 »παρὰ
2659 2324 2866 2366 ²¹P¹³⁰⁸¹¹⁶⁸

213 2392 411 2450 σταθμὸν
436 2387 648 2452 μεγάροιο
663 2397 699 2447 “,
730 2397 823 2439 oeci
850 2387 995 2448 μυχόν,
1023 2396 1066 2438 in
1095 2410 1179 2450 quo
1208 2396 1339 2451 vulgo
1370 2405 1506 2439 mater
1534 2396 1714 2439 familias
1745 2398 1938 2448 sedebat,
1967 2399 2041 2440 ubi
2068 2409 2143 2442 aut
2171 2416 2267 2442 cum
2296 2402 2382 2444 suis
2411 2404 2479 2444 vel
2509 2418 2607 2445 cum

213 2468 447 2526 hospitibus
476 2467 661 2522 colloqui
690 2467 823 2510 vellet
853 2466 923 2519 (cf.
944 2466 1002 2516 II,
1031 2481 1072 2522 p.
1092 2467 1142 2508 27
1174 2473 1271 2509 ante
1296 2466 1439 2520 med.),
1470 2467 1654 2511 indicari.
1703 2467 1869 2520 Quodsi
1887 2469 1928 2511 in
1949 2469 2107 2526 hymno
2127 2470 2169 2512 in
2188 2471 2332 2514 Cerer.
2357 2487 2395 2514 v.
2417 2476 2493 2514 184
2515 2488 2605 2529 sqq.

212 2541 294 2582 dea
327 2553 424 2580 cum
463 2537 580 2579 Celei
618 2538 783 2581 filiabus
825 2539 867 2580 iu
903 2539 1035 2594 patris
1074 2537 1246 2579 domum
1284 2538 1410 2580 ivisse
1448 2538 1628 2581 traditur
1661 2539 1726 2581 his
1763 2539 1899 2582 verbis
1928 2556 1938 2581 z
1978 2535 2151 2599 ᾖΑἶψα
2185 2541 2236 2584 δὲ
2264 2540 2443 2595 δώμαθ’
2469 2540 2609 2587 ἵκοντο

214 2607 473 2667 διοτρεφέος
499 2608 703 2662 Κελεοῖο,
732 2607 825 2654 Bois
861 2608 913 2653 δὲ
947 2609 1009 2653 δι’
1037 2601 1279 2666 αἰθούσης,
1319 2605 1430 2652 ἔνθα
1459 2607 1591 2667 σφίσι
1619 2606 1782 2654 πότνια
1809 2606 1950 2670 μήτηρ
1984 2604 2117 2656 'Horo
2157 2609 2312 2669 παρα
2347 2613 2608 2668 σταθμόν

211 2682 406 2738 τέγεος
445 2673 592 2725 πύκα
625 2683 895 2739 ποιητοῖο
933 2681 1067 2725 nard*
1103 2674 1195 2724 ὑπό
1221 2678 1374 2737 κόλπῳ
1403 2678 1576 2735 ἔχουσα,
1607 2683 1697 2726 νέον
1723 2676 1898 2734 θάλος·
1937 2683 1985 2728 αἱ
2015 2684 2065 2726 δὲ
2092 2687 2197 2742 παρ’
2225 2679 2605 2743 αὐτῆνἜδραμον.

212 2753 278 2798 ‘H
301 2755 338 2798 δ’
358 2749 429 2812 ἄρ’
456 2753 525 2798 ἐπ’
551 2751 687 2798 οὐδόν
716 2751 795 2811 ἔβη
823 2752 954 2798 ποσί·
991 2752 1066 2797 καί
1093 2753 1151 2813 ῥα
1186 2745 1419 2811 μελάθρου
1450 2755 1572 2811 Κῦρε
1601 2748 1741 2813 κάρη·
1776 2757 1940 2812 πλῆσεν
1968 2756 2019 2800 δὲ
2047 2750 2192 2813 θύρας
2221 2756 2376 2809 σέλαος
2404 2758 2606 2813 θείοιο.α,
2654 2765 2656 2768 “

213 2851 269 2857 -
298 2825 637 2882 exspectabimus
682 2828 860 2870 eandem
897 2827 1141 2870 interiorem
1170 2824 1263 2868 oeci
1306 2833 1470 2882 partem
1499 2826 1697 2880 indicari,
1740 2843 1867 2885 quam
1910 2829 2059 2872 eodem
2102 2830 2271 2873 nomine
2313 2830 2427 2887 apud
2467 2831 2607 2889 ipsum

213 2898 453 2941 Homerum
482 2898 681 2954 appellari
712 2899 906 2941 vidimus.
963 2898 1148 2948 Tamen,
1190 2898 1231 2939 id
1260 2897 1375 2953 quod
1403 2912 1533 2954 supra
1561 2914 1602 2955 p.
1633 2904 1701 2951 34,
1730 2917 1768 2943 v.
1799 2905 1822 2944 5
1854 2908 1896 2943 et
1924 2916 1965 2956 p.
1995 2904 2061 2950 42,
2091 2916 2131 2942 v.
2160 2905 2209 2942 31
2244 2917 2335 2958 sqq.
2364 2905 2607 2952 summatim

214 2969 450 3025 attigimus,
480 2968 658 3010 Vossius
701 2969 822 3011 aliter
859 2969 1000 3011 sensit.
1056 2968 1107 3010 In
1136 2966 1435 3011 commentario
1464 2969 1576 3010 enim
1605 2971 1658 3012 ad
1688 2987 1726 3012 v.
1763 2974 1983 3013 184-187
2013 2971 2071 3013 ita
2102 2971 2267 3027 scripsit
2294 2989 2305 3014 ι
2345 2973 2488 3016 »Man
2511 2974 2610 3031 qeht

211 3063 268 3070 —-
313 3065 365 3072 —
412 3040 474 3082 bis
510 3038 649 3081 himen
694 3040 740 3082 in
789 3040 867 3082 das
912 3041 1260 3099 Weiberqemach,
1304 3053 1364 3080 wo
1410 3054 1478 3080 an
1524 3041 1623 3082 der
1671 3041 1879 3097 Psorte
1926 3042 2026 3084 des
2071 3043 2500 3087 Miinnersaals
2544 3046 2607 3088 dis

215 3109 369 3153 Μηίων
410 3113 479 3152 mit
513 3112 600 3152 dem
638 3110 787 3152 Kinde
823 3112 973 3161 situ«,
1019 3111 1074 3152 ad
1111 3127 1151 3152 v.
1184 3110 1415 3152 187-189
1445 3124 1456 3150 z
1494 3110 1675 3154 ”Indem
1701 3113 1800 3168 jene
1837 3127 1913 3154 aus
1948 3114 2037 3154 dem
2075 3121 2197 3156 etwas
2238 3115 2365 3170 tiefer
2397 3116 2607 3174 lieyenden

216 3182 512 3226 Mfinnersaale
539 3198 590 3226 zu
616 3183 687 3224 der
714 3181 905 3224 Schwelle
934 3182 1010 3225 des
1040 3181 1393 3241 Weiheryemaclzs
1420 3180 1610 3239 ansedeq,
1640 3183 1776 3226 schae‘en
1802 3184 1869 3225 die
1897 3184 2097 3227 erhabene
2119 3184 2282 3228 Gesta&
2308 3203 2363 3229 an
2389 3188 2451 3229 die
2469 3186 2608 3231 Decke

217 3251 291 3294 des
313 3251 516 3297 Gemachs
543 3270 594 3297 zu
621 3255 791 3304 reichen,
819 3253 911 3296 und
938 3253 1058 3295 beide
1085 3254 1330 3310 Thurflviyel
1354 3252 1430 3294 wie
1459 3253 1532 3294 mit
1546 3256 1768 3311 qb'ttliclzem
1790 3254 1942 3297 Glanze
1961 3271 2012 3297 zu
2032 3256 2352 3300 &schramm-nm
2383 3258 2607 3303 Postremo

216 3323 344 3381 paulo
373 3323 484 3367 infra
512 3341 523 3368 ε
563 3323 852 3383 „Mela-990²*
877 3325 982 3381 hiqss
1011 3324 1085 3367 der
1116 3323 1402 3382 Traqbalken,
1451 3322 1528 3365 der
1571 3328 1767 3368 mitten
1812 3326 1940 3368 durch
1968 3330 2029 3369 ein
2053 3330 2257 3382 qrt'g‘slseres
2283 3328 2467 3372 Zimmer
2492 3340 2610 3374 unser

1989 3395 2034 3434 11
2054 3393 2077 3418 *

2716 2369 2809 2402 siut?
