2955 3681
1457 123 1523 171 57

294 280 476 332 uterque
512 271 839 323 dubitanter
872 269 927 313 de
960 269 1086 312 scalis
1128 269 1258 313 verba
1293 268 1417 320 fecit,
1458 283 1585 313 nemo
1626 276 1823 314 veterum
1860 269 2235 326 grammaticorum
2274 269 2405 314 scalas
2439 263 2682 329 ὄρσοθύρᾳ

286 345 526 391 “acclinatas
554 347 868 387 commemorat.
924 340 1104 385 Plurimi
1131 340 1365 385 contrariae
1392 340 1576 400 opinioni
1603 340 1746 385 favere
1774 340 1991 394 videntur,
2029 355 2140 385 unus
2169 340 2307 386 scalas
2331 341 2464 385 fuisse
2491 343 2682 401 praecise

296 424 426 474 negat
465 414 598 472 (Apio
639 414 752 471 apud
789 413 936 471 Apoll.
977 412 1107 470 Soph.
1142 428 1185 471 p.
1217 417 1296 455 122
1331 414 1397 456 ed.
1435 414 1569 465 Bek„
1615 428 1745 472 supra
1773 414 1928 474 pagina
1956 416 2031 465 54,
2071 428 2112 455 v.
2142 418 2217 466 21,
2263 412 2397 457 noto?
2437 409 2501 456 τὸ
2568 410 2685 471 »μῆ

297 484 445 541 ἔχειν
490 478 821 539 βαθμούςα).
890 484 976 527 Sed
1019 484 1109 539 jam
1153 484 1343 540 singulos
1383 491 1517 527 testes
1557 484 1748 528 citemus.
1831 485 2149 540 Hesychius
2193 502 2204 527 ε
2246 478 2510 542 Ὀρσοθύρα.
2554 480 2684 543 θύρα

294 548 497 614 μεγάλη
531 556 602 600 καὶ
642 550 815 614 υψηλὴ,
857 554 915 598 δι’
951 545 1002 611 ἦς
1041 550 1159 598 ἔστιν
1193 570 1302 612 οροι
1305 569 1382 598 σαι
1417 553 1746 610 καταβαίνοντα.
1782 548 1934 599 αλλοι·
1973 555 2100 599 πᾶσα
2133 547 2284 613 θύρα,
2320 572 2382 613 μη
2409 553 2570 611 ἔχουσα
2606 572 2684 601 τον

294 626 473 684 βαθμὸν
499 624 615 683 πρὸς
639 626 692 684 τῇ
717 627 781 685 γῇ,
810 619 906 669 ἄλλ’
933 619 1160 680 ἐπέχουσα
1186 626 1268 669 τοῦ
1293 618 1502 706 ἐδάφους,
1532 619 1653 671 οἷον
1682 625 1859 683 θυρίς.
1889 620 1917 684 ἢ
1942 622 2084 684 θύρα,
2112 623 2181 678 εἰς
2208 623 2414 685 ὑπερῷον
2439 620 2678 685 οἶνόγσυσα.

297 699 491 744 Suidas
519 699 726 750 11,1170
753 695 820 742 ed.
848 698 1002 742 Bernh.
1031 689 1290 755 Ὀρσοθύρη.
1330 690 1455 756 θύρα
1495 696 1540 742 ἐν
1575 692 1684 758 ὕψει
1718 699 1801 742 τοῦ
1835 698 2002 752 τοίχου.
2061 698 2183 742 Idem
2213 698 2363 742 iisdem
2393 700 2528 743 verbis
2555 700 2682 745 tradit

295 772 530 816 Photius
566 770 633 815 ed.
673 770 822 814 Herm.
857 785 900 828 p.
930 773 1009 816 255
1047 778 1091 815 et
1117 770 1308 814 Lexicon
1345 771 1690 823 Bachmauni,
1733 772 1934 815 Anecd.
1963 770 2008 823 1,
2036 785 2079 828 p.
2110 774 2202 815 321.
2230 795 2285 804 —-
2312 771 2489 816 Schol.
2521 772 2680 829 Vulg.

294 844 336 888 in
363 859 405 898 χ,
436 844 514 886 126
539 835 787 901 Ὀρσοθύρη
814 858 828 886 .·
854 839 900 886 ἐν
925 843 992 899 τῷ
1016 843 1096 885 τοῦ
1123 841 1250 886 οἴκου
1273 839 1449 899 ἐναντίῳ
1476 841 1613 899 τοίχῳ
1641 838 1768 900 θύρα
1795 832 1855 898 ἦν,
1884 840 1943 885 δι’
1971 833 2021 899 ἧς
2047 840 2114 893 εἰς
2137 837 2208 886 τόν
2234 835 2446 895 θάλαμον
2470 835 2539 901 [ἦν
2566 845 2682 888 addit

296 914 423 958 Dind.
463 928 503 958 v.
537 913 716 972 append.
745 929 787 972 p.
819 913 917 972 794]
944 908 1176 970 ἀναβῆναι,
1219 910 1333 957 ἔνθα
1366 910 1423 957 τὰ
1456 908 1578 957 ὅπλα
1606 911 1764 958 ἔκειτο.
1795 908 1921 957 εἶπεν
1948 914 1999 957 δὲ
2026 908 2187 966 οὕτως,
2226 913 2325 959 ἐπεὶ
2355 913 2607 973 ὑψηλοτέρα
2636 908 2684 973 ἦν

294 985 365 1043 ἐφ’
393 977 420 1043 ᾖ
455 977 503 1041 ἦν
539 979 726 1042 ὀροῦσαι
752 984 826 1029 καὶ
854 979 1105 1043 ᾰναθορεῒν.
1163 985 1376 1029 Polluc.
1406 985 1626 1029 Onomast.
1654 985 1708 1037 Ι,
1728 988 1780 1029 76
1815 978 2115 1043 Ἀμφίθυρος,
2144 977 2403 1042 ἢνὍμηρος
2428 980 2685 1044 ὀρσοθύρην

294 1055 439 1108 καλεῖ,
478 1053 524 1100 οἱ
552 1054 603 1101 δὲ
630 1056 790 1102 πολλοὶ
819 1054 1008 1113 πλαγίαν
1035 1049 1196 1114 θύραν.
1255 1055 1497 1107 Postremo,
1527 1071 1618 1113 quo
1643 1071 1766 1101 nemo
1795 1056 2031 1100 accuratius
2059 1070 2148 1101 rem
2178 1055 2401 1107 describit,
2428 1055 2602 1102 Schol.
2630 1058 2681 1102 in

295 1127 467 1187 Eurip.
494 1126 630 1173 Med.
650 1144 687 1172 v.
711 1130 788 1173 135
806 1121 1175 1186 Ἀμφίπυλον.
1202 1123 1253 1172 τὸ
1271 1124 1369 1182 ἔχον
1388 1120 1470 1172 δύο
1488 1123 1635 1179 πύλας
1652 1127 1728 1173 καὶ
1747 1124 1961 1180 εἷςόδους,
1987 1126 2096 1182 μίαν
2111 1125 2193 1182 μὲν
2216 1123 2308 1184 τήν
2334 1120 2681 1187 αύθεντικήν,

295 1197 481 1257 ἑτέραν
509 1198 581 1256 δὲ,
610 1192 666 1257 ἦν
679 1194 914 1258 “Ὀμηρος
941 1199 1083 1257 λέγει
1112 1194 1323 1258 ὀρσοθι’
1336 1214 1435 1258 ρην.
1455 1198 1539 1256 ἐγω
1558 1192 1644 1252 οὖν,
1664 1198 1809 1258 φησίν,
1829 1197 1906 1244 ἐπὶ
1924 1200 2006 1243 τοῦ
2024 1191 2288 1257 α’μφιπύλου
2304 1192 2430 1252 οὖσα,
2449 1198 2683 1258 [τουτέστιν

293 1269 369 1316 ἐπὶ
387 1270 468 1315 τοῦ
486 1269 922 1330 “nidred—inclusa
941 1272 1099 1317 verba'
1088 1288 1131 1316 1n
1153 1271 1318 1316 duobus
1339 1272 1460 1316 codd.
1489 1272 1524 1315 F
1528 1272 1604 1315 lor.
1627 1270 1901 1316 deterioribus
1921 1266 2309 1330 exstant-Zama
2325 1272 2474 1329 φωνῆς
2492 1269 2580 1316 ἔσω
2606 1273 2684 1318 τοῦ

291 1335 539 1402 μελάθρου.
558 1368 611 1376 -
640 1343 739 1398 Quo
758 1344 946 1388 locorum
967 1352 1199 1403 conspectu
1218 1342 1504 1395 confirmatur,
1535 1337 1798 1407 ὀρσοθύραν
1818 1342 1952 1399 magis
1971 1358 2149 1401 magnae
2170 1342 2378 1388 fenestrae
2397 1338 2624 1398 ἐκτομᾰδι,
2644 1360 2681 1388 v.
2740 1372 2745 1381 ·

294 1431 421 1474 supra
435 1431 475 1473 p.
489 1418 557 1468 47,
577 1431 617 1458 v.
635 1421 660 1460 8
677 1416 730 1460 ad
750 1433 789 1460 v.
807 1417 958 1475 ῥωγῶν
976 1418 1035 1472 2),
1058 1431 1183 1473 quam
1199 1416 1341 1472 justae
1356 1414 1528 1472 januae,
1549 1415 1601 1458 ad
1623 1430 1751 1473 quam
1770 1415 1895 1458 scalis
1914 1415 2177 1465 ascenderes,
2197 1415 2374 1458 similem
2391 1416 2531 1460 fuisse.
2554 1416 2682 1462 Certe

297 1487 522 1531 scholiasta
542 1488 795 1548 Euripideus
824 1488 1016 1547 opposita
1041 1488 1096 1547 τῇ
1122 1480 1360 1546 αὖθεντικῇ
1390 1488 1581 1554 „justam
1595 1487 1795 1544 januam«
1825 1485 1955 1529 fuisse
1981 1483 2058 1544 τήν
2085 1479 2344 1545 ὀρσοθύραν
2369 1495 2514 1546 aperte
2539 1498 2680 1545 negat.

293 1559 473 1603 Plurimi
501 1567 644 1603 autem
674 1561 798 1613 duco,
830 1561 943 1617 quod
971 1561 1013 1602 in
1042 1561 1144 1602 locis
1173 1560 1301 1602 modo
1329 1559 1553 1615 exscriptis
1581 1573 1719 1601 novae
1748 1559 1857 1601 duae
1886 1573 1952 1601 res
1982 1568 2291 1609 memorantur,
2322 1575 2429 1616 quae
2459 1575 2597 1616 neque
2625 1575 2678 1603 ex

293 1630 425 1688 ipsius
454 1633 568 1675 vocis
596 1632 756 1688 origine
785 1647 923 1688 neque
951 1646 1004 1675 ex
1032 1633 1159 1675 rebus
1188 1632 1241 1674 ab
1276 1632 1467 1674 Homero
1494 1631 1657 1673 traditis
1687 1630 1862 1673 divinari
1890 1638 2087 1688 poterant
2116 1646 2310 1687 quaeque
2349 1643 2544 1675 auctores
2582 1649 2675 1690 pro-

294 1704 427 1761 priam
456 1703 667 1761 quandam
690 1703 849 1760 januae
880 1703 1066 1761 speciem
1095 1703 1331 1747 describere
1358 1702 1456 1745 luce
1486 1703 1637 1745 clarius
1666 1702 1909 1746 ostendunt.
1965 1702 2183 1754 Primum,
2212 1703 2327 1760 quod
2357 1703 2463 1746 Hes.
2490 1699 2681 1761 μεγάλην

295 1789 387 1820 esse
416 1775 515 1819 dicit
543 1768 820 1833 ὀρσοθύραν,
864 1790 993 1833 quum
1032 1782 1207 1833 propter
1245 1771 1423 1825 στενοὺς
1457 1766 1625 1825 τόπους
1654 1788 1783 1832 supra
1811 1775 1855 1816 in
1884 1789 1923 1816 v.
1954 1773 2158 1831 »ῥῶγεςιι
2190 1782 2468 1830 memoratos,
2509 1790 2680 1832 parvam

295 1846 436 1904 potius
464 1845 692 1890 fenestram
723 1852 1004 1904 exspectares.
1048 1846 1116 1889 Ac
1135 1859 1285 1889 revera
1303 1846 1424 1888 Eust.
1450 1848 1569 1897 1929,
1595 1849 1642 1888 12
1672 1840 1772 1902 ἄγχι
1800 1846 1908 1902 παρ’
1934 1838 2096 1901 ὀρσοθ.
2126 1841 2229 1903 ἔστ-η
2257 1838 2427 1904 Φήμιος
2453 1847 2639 1904 explicat
2669 1862 2680 1889 ε

294 1908 346 1975 ἧς
380 1914 435 1959 ἐν
470 1917 732 1973 στενωπῷ
778 1917 1008 1967 συσταλεὶς
1041 1910 1256 1960 ἐλάνθανε
1285 1924 1327 1959 et
1354 1917 1396 1957 in
1426 1917 1518 1958 cod.
1550 1918 1799 1959 Monacensi
1828 1918 1881 1958 ad
1909 1920 1974 1970 22,
2008 1920 2084 1957 126
2113 1930 2241 1973 super
2270 1910 2420 1958 vocem
2448 1912 2682 1976 ὀρσοθύρη

297 2003 323 2032 a
350 1989 474 2032 tertia
489 1989 545 2045 (ἲ)
575 2005 701 2033 manu
731 1991 936 2047 scripturn
967 1996 1031 2031 est
1051 2005 1060 2030 ε
1080 1986 1214 2046 μικροὶ
1244 1980 1380 2045 θύρα,
1411 1987 1557 2043 θυρίς,
1588 1989 1711 2043 cujus
1742 1989 1891 2031 scholii
1920 1990 2147 2032 auctoritas
2176 1996 2319 2030 tamen
2349 2004 2447 2031 cum
2477 1990 2680 2045 Hesychii

296 2075 349 2103 ne
392 2062 627 2117 comparari
667 2062 835 2117 quidem
864 2067 1018 2116 potest.
1075 2061 1262 2109 Deinde,
1291 2061 1405 2115 quod
1445 2068 1559 2101 certo
1594 2052 1863 2115 α’μφιθύρου
1902 2060 1988 2101 sive
2027 2058 2219 2114 πλαγίας
2247 2062 2413 2103 nomine
2441 2063 2679 2117 appellatur

292 2123 541 2188 ὀρσοθύρα.
601 2132 755 2181 Certo,
784 2132 980 2187 inquam,
1009 2123 1274 2187 οἷμφιθύρου
1302 2130 1493 2184 nomine,
1523 2146 1779 2186 quamquam
1810 2131 2130 2174 concedendum
2159 2140 2245 2181 est,
2273 2132 2338 2181 id,
2369 2133 2482 2188 quod
2509 2132 2678 2175 Polluci

294 2208 458 2244 certum
498 2201 598 2252 fuit,
643 2202 761 2245 nobis
798 2203 980 2245 maxime
1019 2217 1114 2245 esse
1152 2201 1411 2257 ambiguum.
1472 2194 1780 2257 »Ἀμφίθυρος
1817 2201 1978 2252 Janua,
2019 2218 2130 2258 quae
2159 2218 2213 2245 ex
2241 2202 2429 2261 adverso·
2450 2203 2573 2246 aliam
2602 2204 2678 2246 sibi

294 2271 420 2316 habet
448 2273 707 2331 oppositam,
747 2288 856 2330 quae
884 2266 1125 2329 α’ντίθυρος
1153 2272 1323 2323 dicitur,
1363 2272 1431 2315 vel
1461 2266 1716 2329 ἀμφίθυρος
1745 2281 1811 2316 est
1832 2272 1967 2328 janua
1996 2266 2114 2329 α’μφὶ
2140 2268 2215 2330 τήν
2241 2266 2415 2318 αὔλειον
2442 2283 2547 2318 etc.u
2608 2275 2677 2318 Sic

294 2342 465 2387 Kuehn.
509 2344 562 2388 ad
601 2344 763 2389 Polluc.
794 2344 820 2389 l.
850 2344 877 2387 l.
906 2344 1002 2388 coll.
1032 2344 1114 2388 Od.
1145 2347 1199 2387 22
1227 2351 1269 2387 et
1298 2344 1401 2388 Hes.
1432 2345 1473 2387 in
1502 2361 1543 2387 v.
1598 2344 1762 2388 Contra
1803 2344 1947 2389 Const.
1993 2344 2144 2389 Matth.
2188 2345 2270 2389 lex.
2314 2345 2417 2390 Eur.
2461 2346 2485 2390 l.
2514 2346 2543 2390 l.
2590 2361 2676 2391 nne

294 2414 554 2472 opinemur«,
582 2416 715 2474 inquit
733 2409 989 2474 ὀρσοθύρην
1016 2408 1340 2474 οἷμφίθυρον
1367 2422 1410 2460 et
1438 2408 1765 2474 οἷμφίπυλον
1791 2424 1982 2461 vocatam
2002 2430 2106 2470 esse,
2137 2424 2348 2474 quatenns
2376 2416 2494 2461 alteri
2517 2418 2675 2474 januae

294 2487 482 2543 opposita
509 2487 657 2540 fuerit,
700 2503 873 2545 prorsus
912 2488 1125 2531 interdicit
1162 2504 1305 2546 praep.
1344 2485 1474 2544 ἀμφί.
1535 2487 1764 2544 Nunquam
1795 2488 1906 2531 enim
1938 2487 2068 2531 verba
2097 2503 2196 2531 cum
2225 2482 2345 2546 ἄμφι
2374 2490 2603 2546 composita
2630 2489 2675 2532 id

293 2557 431 2614 ipsum
459 2559 659 2611 indicant,
688 2560 804 2617 quod
833 2559 1011 2604 alterum
1039 2559 1168 2603 habet
1195 2559 1271 2603 sibi
1299 2559 1555 2618 oppositum.
1600 2554 1754 2613 Immo,
1784 2566 1833 2602 ut
1861 2551 2195 2616 οἶμφικύπελλον
2222 2568 2299 2610 est,
2330 2559 2442 2616 quod
2462 2559 2676 2617 utrimque

294 2637 361 2670 est
389 2631 613 2687 poculum,
651 2624 979 2690 ἅμφικᾶρηνον,
1005 2631 1121 2689 quod
1150 2632 1362 2688 utrimque
1402 2639 1530 2688 caput
1565 2631 1692 2673 habet
1720 2630 2028 2688 (zwet‘kiipfiq)
2054 2624 2163 2681 etc„
2204 2632 2259 2673 ita
2289 2625 2547 2685 α’μφίπυλον
2575 2632 2677 2674 nihil

293 2699 405 2741 aliud
443 2715 534 2744 esse
565 2711 732 2759 potest,
777 2719 905 2760 quam
941 2703 1057 2759 quod
1095 2703 1309 2759 utrimque
1345 2703 1457 2745 fores
1495 2702 1583 2745 sive
1623 2702 1833 2759 duplicem
1861 2702 1995 2745 forem
2023 2702 2189 2745 habet«.
2247 2701 2371 2754 Quod
2401 2712 2677 2760 praeceptum

292 2769 383 2827 ipse
411 2772 716 2818 vocabulorum
745 2767 1005 2834 οἷμφίπυλον
1031 2782 1074 2818 et
1103 2767 1364 2832 α’μφίθυρος
1391 2790 1494 2817 usus
1524 2773 1773 2817 confirmare
1803 2774 1995 2825 videtur,
2037 2789 2146 2830 quae
2173 2781 2343 2831 praeter
2371 2772 2561 2817 Pollucis
2590 2774 2618 2817 1.
2648 2775 2676 2818 l.

294 2855 509 2899 nunquam
539 2858 622 2886 non
654 2846 706 2889 de
736 2846 993 2890 aedificio
1024 2846 1092 2888 vel
1119 2845 1263 2901 loco,
1302 2847 1374 2904 qui
1403 2847 1616 2903 utrimque
1647 2847 1756 2889 fores
1784 2845 1931 2896 habet,
1960 2853 2238 2902 usurpantur,
2281 2844 2334 2886 cf.
2364 2860 2388 2888 e
2418 2846 2678 2904 scriptorum

293 2912 396 2956 locis
423 2914 553 2971 Soph.
581 2915 762 2966 Philoct.
798 2934 837 2961 v.
870 2922 920 2961 16
958 2916 1169 2970 δίστομος
1204 2917 1347 2974 πέτρα
1384 2932 1481 2961 cum
1520 2933 1560 2960 v.
1594 2920 1671 2960 159
1716 2910 1838 2966 οἶκος
1883 2910 2207 2972 ἆμφίθυρος
2252 2913 2458 2973 πετρίνης
2504 2916 2681 2974 κοίτηςς

292 2985 372 3027 952
401 2985 545 3041 σχῆμα
571 2983 738 3044 πέτρας
767 2987 1009 3032 δίπυλον
1036 3005 1047 3031 2
1075 2988 1246 3044 Lysiam
1276 2989 1370 3032 adv.
1400 2988 1613 3032 Eratosth.
1648 2990 1697 3030 15
1727 2988 1862 3031 Bekk.
1892 2986 1968 3029 Or.
1998 2987 2091 3029 Att.
2120 2986 2156 3037 1,
2184 3002 2225 3044 p.
2255 2989 2335 3030 245
2369 2983 2677 3046 »ἔμπειρος-

287 3047 349 3095 ὢν
375 3048 603 3111 ἐτύγχανον
628 3058 706 3115 τῆς
731 3056 886 3111 οἰκίας,
914 3060 987 3104 καὶ
1015 3053 1138 3117 ᾔδειν
1165 3052 1230 3102 ὅτι
1259 3052 1596 3116 α’μφίθυρος
1622 3058 1727 3116 εἴηα
1758 3074 1769 3100 2
1800 3058 1973 3100 Lucian.
2002 3058 2155 3101 Amor.
2189 3061 2239 3101 13
2269 3052 2416 3102 »Ἔστι
2445 3058 2485 3101 δ’
2501 3053 2676 3116 ἀμφί-

291 3125 465 3182 θυρος
500 3122 525 3172 ὁ
556 3122 666 3180 νεώς
700 3131 797 3182 τοῖς
830 3129 1011 3176 θέλουσι
1037 3129 1109 3175 καὶ
1137 3128 1247 3175 κατα
1275 3123 1415 3176 νώτου
1439 3127 1515 3189 τὴν
1542 3123 1648 3175 θεὸν
1675 3126 1787 3174 ἰδεῖν
1814 3120 2045 3185 α’κριβιιῖςα
2077 3144 2088 3172 t
2118 3128 2233 3175 Plut.
2262 3129 2391 3174 Num.
2422 3145 2456 3175 c.
2485 3133 2540 3174 20
2568 3127 2677 3182 νεώς

292 3194 502 3255 δίθυρος,
543 3213 669 3258 quem
704 3201 815 3248 idem
854 3203 1034 3261 scriptor
1070 3216 1206 3260 comp.
1237 3203 1342 3260 Lyc.
1372 3217 1408 3248 c.
1436 3202 1563 3246 Num.
1594 3216 1630 3247 c.
1658 3206 1684 3245 4
1723 3193 2048 3259 α’μφίθυρον
2084 3195 2206 3246 οἰκον
2242 3203 2439 3247 nominat.
2497 3202 2622 3246 Adde
2649 3216 2674 3246 e

291 3271 575 3324 grammaticis
604 3289 616 3315 ε
646 3274 779 3318 Bekk.
809 3276 975 3320 Anecd.
1003 3275 1038 3327 Ι,
1068 3284 1109 3333 p.
1140 3278 1221 3318 204
1249 3273 1395 3329 λέξεις
1419 3271 1652 3333 ῥητορικαί
1691 3268 2057 3331 »α’μφίθυρος
2095 3271 2238 3318 οἰκία·
2281 3271 2307 3333 ἡ
2331 3271 2492 3328 ἔχουσα
2519 3272 2675 3317 ἑκατέ-

291 3341 441 3395 ρωθεν
467 3333 617 3398 θύρας
643 3342 871 3406 φερούσας
897 3343 987 3401 ἔξω
1014 3343 1079 3396 εἰς
1102 3342 1180 3402 τήν
1206 3338 1343 3388 ὀδύνα
1380 3353 1423 3389 et
1449 3346 1555 3388 Hes.
1583 3345 1625 3386 in
1655 3359 1694 3388 v.
1736 3341 1889 3388 »οἰκία
1929 3342 2089 3399 ἔχουσα
2126 3340 2441 3404 ἀμφοτέρωθεν
2477 3342 2672 3402 θύραςι.
