2955 3681
1398 85 1461 132 43

241 240 397 284 similis.
456 232 730 280 obsecundat
767 230 922 275 Suidae
961 230 1102 287 glossa
1130 246 1140 272 ε
1171 229 1355 273 Κλισία·
1385 226 1412 289 ἡ
1440 223 1579 288 σκηνή.
1615 221 1883 283 λαμβάνεται
1917 228 1968 272 δὲ
1996 228 2070 271 καὶ
2097 227 2173 271 ἐπὶ
2205 226 2359 286 κλίνης.
2389 253 2441 260 -
2470 230 2622 285 Λέξο-

241 327 323 366 pm
350 309 396 353 ἐν
418 300 619 363 μυχᾶτῳ·
649 300 795 359 κλισίη
823 301 875 345 δέ
901 301 978 355 μοί
1002 300 1122 345 ἐστιν
1147 300 1301 359 ἑτοίμη
1331 302 1533 345 „cubabo
1561 303 1602 344 in
1632 302 1784 344 domus
1812 317 2009 353 recessu,
2049 302 2121 345 ubi
2152 303 2291 344 lectus
2320 302 2419 357 mihi
2448 310 2620 358 paratus

245 391 332 427 esta
363 390 405 424 et
446 377 585 421 Marci
615 376 798 430 Argent.
828 372 959 430 epigr.
999 373 1133 417 Anth.
1162 373 1297 417 Palat.
1336 374 1403 417 ed.
1431 373 1624 416 Tauchn.
1650 373 1773 416 Tom.
1803 372 1838 425 I,
1867 390 1907 429 p.
1937 377 2004 426 86,
2034 374 2059 416 1.
2093 373 2146 424 V,
2176 390 2217 416 n.
2250 376 2359 415 127:
2387 372 2622 429 Παρθένον

243 447 487 507 Ἀλκίππην
515 445 694 505 ἐφίλουν
719 443 843 501 μέγα,
873 443 949 488 καί
974 459 1085 488 ποτε
1112 443 1273 496 πείσας
1290 439 1445 501 Λότῆν
1472 443 1723 501 λαθριδίως
1744 438 1862 499 εἶχον
1887 443 1965 488 ἐπὶ
1994 443 2140 500 κλισίῃ
2157 459 2166 470 ·
2195 452 2268 488 aut
2296 444 2330 487 si
2359 444 2417 487 illi
2446 459 2620 500 quoque

243 524 325 570 loci
353 536 520 567 omnem
549 517 851 562 dubitationem
878 517 932 561 de
963 517 1084 561 ”lecti
1113 517 1389 561 cubicularis«
1419 519 1459 561 vi
1487 517 1638 562 tollere
1667 533 1750 561 non
1781 516 2003 560 videantur
2022 542 2075 549 —
2096 516 2248 561 Bernh.
2269 518 2451 574 priorem
2482 518 2621 559 locum

244 595 295 638 ad
314 591 456 635 Babrii
484 589 670 633 fabulam
701 589 753 631 de
783 588 984 640 muribus,
1014 604 1137 646 quam
1159 588 1363 631 Horatius
1392 590 1612 647 expressit,
1640 588 1810 645 κλισίης
1838 604 1987 632 vocem
2017 590 2145 645 igitur
2164 589 2217 631 ad
2244 589 2400 631 lectum
2421 588 2622 631 triclinia·

203 664 219 671 ’
245 680 335 710 rem
380 664 537 708 referre
578 661 710 703 voluit
749 670 791 703 et
817 662 858 703 in
888 661 1175 718 Anthologiae
1206 660 1507 717 epigrammate
1534 662 1640 704 verti
1671 662 1857 718 potuerit
1888 675 2043 718 »prope
2072 675 2261 715 casam«;
2280 686 2332 692 —
2369 662 2476 704 malo
2505 659 2622 717 equi·

245 739 338 781 dem
367 737 410 778 in
440 736 534 777 loco
565 734 707 788 hymni
738 733 779 774 in
811 733 920 775 Ven.
951 735 1127 776 scribere
1154 729 1390 791 Ἑσσαμένη
1417 733 1455 775 δ’
1483 725 1533 774 εὖ
1559 728 1701 776 πάντα
1730 732 1835 789 περὶ
1863 732 1969 790 χροῒ
1992 732 2068 775 δῖα
2097 725 2413 789 &coloseo-cry·
2445 730 2616 789 (Ἐσσα-

242 810 348 865 μένη
391 805 492 863 ἔστη
529 806 721 848 absolute
759 806 940 860 positum
980 814 1024 847 ut
1063 806 1112 848 Il.
1141 806 1250 855 XV,
1281 809 1306 848 6
1334 806 1422 862 Στῆ
1465 805 1503 847 δ’
1524 800 1595 861 ἄρ’
1623 799 1824 857 α’ναΐξας)
1852 799 1969 861 α’τάρ
1998 803 2165 859 κλισίης
2192 797 2446 861 εόποιήτοιο
2475 798 2621 854 μελά-

244 885 364 938 θρου
378 880 499 935 Κῦρε
524 871 662 934 κάρη·
692 869 850 927 κᾶλλος
877 877 927 920 δὲ
954 869 1181 936 παρειάων
1208 871 1465 930 ἀπέλαμπεν
1480 871 1730 934 ’Ἀμβροτον
1755 893 1792 920 κ.
1822 893 1857 919 τ.
1887 877 1940 928 λ.,
1968 893 2094 933 quam
2120 878 2160 919 in
2192 878 2391 931 vulgatae
2416 877 2621 932 interpre-

244 955 402 996 tatione
444 952 522 992 nad
562 951 740 992 ostium«
793 951 1073 1004 acquiescere.
1104 976 1157 981 -—
1194 974 1236 980 —-
1271 950 1334 998 11,
1364 954 1447 992 414
1472 948 1700 1006 μέλαθρον
1729 965 1814 991 non
1845 950 1977 992 solam
2006 949 2182 998 trabem,
2214 949 2288 990 sed
2319 948 2552 989 tabulatum
2582 948 2621 989 ei

244 1023 485 1079 impositum
516 1022 604 1063 sive
637 1021 768 1062 mavis
797 1035 887 1062 eam
919 1022 1068 1062 domus
1097 1037 1277 1075 magnae
1305 1029 1482 1077 partem,
1511 1036 1618 1075 quae
1648 1021 1839 1063 tabulato
1877 1021 1948 1062 illo
1975 1021 2146 1074 tegitur,
2178 1019 2413 1073 significare
2443 1019 2622 1068 videtur,

245 1110 280 1137 v.
310 1094 453 1136 locum
483 1091 693 1134 Eustathii
723 1106 849 1147 supra
878 1092 919 1132 D
950 1093 1002 1133 ad
1033 1094 1090 1143 2.)
1121 1092 1396 1149 exscriptum.
1454 1091 1564 1134 Sunt
1595 1092 1764 1148 quidem
1794 1091 1906 1134 haud
1937 1092 2089 1148 pauci,
2119 1091 2191 1146 qui
2222 1090 2301 1133 hoc
2331 1090 2425 1132 loco
2454 1089 2621 1132 univer-

246 1180 313 1206 sas
354 1164 478 1206 aedes
513 1163 691 1218 intelligi
726 1162 855 1203 velint
892 1171 934 1205 et
967 1155 1118 1220 θύρας
1145 1162 1366 1218 (πυλῶνας
1402 1164 1576 1222 paraph.
1620 1164 1821 1217 Bekkeri)
1851 1165 1935 1219 igni
1967 1163 2232 1212 cremandas,
2263 1177 2372 1220 quae
2403 1163 2550 1205 eodem
2580 1163 2620 1203 in

243 1251 365 1277 versu
407 1235 704 1282 nominantur,
749 1235 870 1276 aulae
904 1243 1046 1288 portas
1074 1249 1166 1275 esse
1197 1235 1345 1275 dicant.
1406 1234 1533 1286 Quid,
1563 1236 1677 1292 quod
1707 1236 1829 1277 multi
1857 1235 1983 1277 etiam
2013 1230 2229 1276 αἰθαλόεν
2255 1236 2360 1275 illud
2388 1231 2623 1291 μελάθρου

243 1308 371 1348 trabis
410 1307 626 1361 proprium
670 1321 745 1360 per
782 1307 1119 1360 anticipationem
1158 1306 1371 1361 explicant
1412 1315 1663 1361 „antequam
1701 1309 1787 1362 igni
1825 1307 2046 1348 delendam
2089 1309 2300 1361 (domum)
2328 1307 2484 1348 Priami
2521 1321 2619 1363 pro-

244 1392 340 1420 nam
363 1377 597 1431 dejeceroa.
654 1377 861 1431 Equidem
892 1369 1107 1419 αἰθαλόεν
1136 1377 1450 1431 (ct.Naegelsb.
1481 1377 1546 1419 ed.
1578 1381 1655 1419 2⁸¹⁸e
1685 1378 1749 1421 ad.
1779 1378 1828 1421 Il.
1859 1378 1915 1427 ΙΙ,
1944 1383 2038 1428 414,
2067 1393 2109 1434 p.
2130 1381 2224 1432 198)
2254 1393 2331 1435 per
2360 1378 2621 1434 anticipatio-

243 1464 337 1492 nem
379 1456 628 1504 usurpatum
668 1464 749 1491 non
792 1457 923 1504 puto,
959 1450 1032 1491 sed
1066 1448 1274 1492 fumidum
1301 1443 1538 1508 μελάθρου
1566 1451 1748 1494 colorem
1778 1450 1964 1493 indicare
1987 1452 2144 1507 judico.
2202 1448 2455 1507 Μέλαθρον
2482 1451 2620 1507 ipsum

245 1529 288 1563 et
317 1521 368 1563 ob
397 1520 572 1563 verbum
599 1512 886 1571 καταβάλλειν
913 1519 1073 1578 πρηνές
1101 1521 1265 1578 proprie
1287 1521 1461 1574 dictum,
1492 1522 1545 1564 cf.
1574 1520 1649 1580 την
1677 1522 1826 1580 στέγην
1850 1523 2112 1577 καταβαλεῖν
2143 1525 2292 1581 (supra
2323 1523 2377 1572 II,
2414 1527 2461 1566 15
2491 1527 2620 1575 extr.)

245 1600 288 1634 et
316 1592 368 1633 ob
397 1591 573 1633 similem
601 1586 826 1648 μεσόδμης
854 1594 1108 1634 mentionem
1130 1594 1170 1634 in
1193 1594 1309 1636 urbis
1330 1595 1495 1637 excidio
1516 1596 1789 1639 describendo
1810 1598 1976 1648 factam,
2008 1612 2134 1653 supra
2152 1612 2249 1653 pag.
2271 1600 2336 1646 30,
2361 1611 2396 1637 V.
2418 1599 2456 1646 9,
2479 1596 2619 1637 malim

244 1664 396 1705 habere
424 1661 497 1718 την
539 1658 705 1720 ὀροφήν
732 1665 757 1704 i.
788 1678 823 1706 e.
852 1665 1083 1705 tabulatum
1114 1666 1218 1706 trabi
1249 1666 1305 1706 illi
1333 1665 1593 1723 impositum,
1625 1682 1883 1724 quamquam
1913 1668 2037 1710 etiam
2067 1668 2208 1725 ipsum
2234 1659 2369 1720 μυχόν
2396 1667 2475 1710 sub
2504 1667 2621 1710 trabe

242 1735 313 1776 illa
342 1737 467 1775 situm
498 1736 672 1789 intelligi
701 1749 826 1790 posse
862 1736 1070 1784 concedo,
1101 1737 1156 1776 ita
1186 1746 1233 1776 ut
1260 1738 1375 1778 fere
1405 1740 1684 1788 consentiant,
1714 1753 1822 1796 quae
1850 1740 2075 1795 Naegelsb.
2107 1739 2133 1780 l.
2166 1740 2190 1780 l.
2222 1740 2285 1781 his
2315 1739 2452 1781 verbis
2482 1739 2619 1782 decla—

244 1814 311 1845 rat
334 1822 349 1863 ,³
392 1804 661 1859 »Μέλαθρον
700 1808 874 1846 bedentet
914 1807 997 1846 hier
1034 1809 1178 1860 qewe'ss
1205 1809 1330 1848 nic-hta
1358 1809 1549 1857 anderes,
1577 1812 1638 1849 als
1667 1810 1742 1850 des
1771 1810 1959 1851 Pn’amos
1988 1812 2306 1861 Famz‘liensaal,
2352 1813 2396 1851 in
2425 1812 2621 1861 welchem,

244 1878 319 1918 wie
358 1878 426 1917 bei
464 1876 669 1931 Odysseus
708 1878 788 1918 Od.
822 1894 859 1925 τ,
894 1881 918 1916 7
941 1881 999 1932 ff
1030 1879 1115 1918 und
1141 1880 1340 1920 Alkz'noos
1370 1882 1449 1920 Od.
1480 1895 1518 1935 η,
1553 1884 1650 1923 153.
1684 1885 1783 1931 154,
1814 1886 1883 1922 der
1914 1885 2057 1923 Heerd
2082 1887 2153 1924 des
2183 1885 2348 1924 Hau-ses
2377 1885 2517 1933 stand,
2547 1888 2632 1936 auf

246 1947 433 1990 walchem
470 1951 542 1991 das
570 1948 827 2005 Heerdfeuer
867 1949 1072 1991 brannte“.
1132 1951 1259 1993 Certe
1285 1953 1531 1994 arctioribus
1561 1954 1624 1994 his
1652 1954 1804 1995 finibus
1835 1958 1948 1996 vocis
1979 1956 2061 1996 vim
2090 1957 2217 1997 fuisse
2248 1957 2621 2012 circumscriptam,

247 2028 471 2075 antequam
510 2020 728 2064 universae
770 2021 893 2064 aedes
921 2037 972 2064 ex
1002 2022 1079 2064 hac
1109 2032 1244 2078 parte,
1288 2031 1332 2065 ut
1362 2016 1452 2066 ἀπὸ
1478 2024 1556 2080 τῆς
1584 2022 1733 2073 ἑστίας
1768 2020 1817 2067 τὸ
1845 2020 1945 2068 ὅλον
1972 2026 2155 2083 οἴκημα,
2185 2028 2377 2070 Eustath.
2408 2045 2535 2086 supra
2565 2030 2621 2078 D,

247 2090 298 2133 ad
327 2091 401 2146 2.),
447 2107 600 2134 nomen
640 2102 857 2148 caperent,
902 2094 1178 2135 demonstrari
1208 2104 1360 2150 potest.
1420 2096 1644 2139 Examines
1673 2100 1795 2146 enim,
1827 2115 1999 2154 quaeso,
2031 2100 2305 2142 Homericum
2337 2103 2452 2143 vocis
2483 2118 2620 2144 usum.

244 2185 299 2192 —
327 2162 407 2212 IX,
437 2167 517 2205 204
546 2165 589 2205 in
621 2164 757 2205 verbis
784 2163 825 2206 οἱ
850 2161 932 2218 γάρ
961 2164 1168 2220 φίλτατοι
1200 2159 1358 2220 ἄνδρες
1387 2163 1482 2220 ἐμῷ
1508 2163 1683 2210 ὑπέασι
1709 2162 1930 2227 μελάθρῳ
1957 2172 2214 2228 praepositio
2245 2188 2325 2213 non
2356 2175 2493 2214 minus
2522 2189 2619 2231 pro-

242 2231 332 2287 prie
372 2231 483 2275 dicta
535 2243 600 2275 est
639 2249 763 2290 quarn
818 2238 889 2285 18,
924 2239 1001 2279 150
1043 2234 1142 2279 ἐπεί
1179 2251 1227 2279 κε
1260 2235 1483 2295 μέλαθρον
1510 2235 1723 2296 ὑπέλθῃ,
1762 2241 1814 2283 ad
1855 2257 1980 2299 quem
2024 2242 2162 2284 locum
2196 2244 2388 2287 Eustath.
2422 2248 2539 2296 1841,
2569 2250 2624 2286 40

245 2302 319 2345 καὶ
349 2302 468 2346 δοκεῖ
496 2298 780 2363 καιριώτερον
813 2300 922 2349 εἶναι
949 2301 998 2349 τό
1027 2304 1267 2351 ὑπέλθοι
1307 2309 1386 2351 τοῦ
1414 2306 1617 2359 εἵςέλθοι.
1675 2312 1872 2370 Utroque
1901 2314 1994 2356 loco
2024 2316 2253 2371 penetralia
2288 2317 2458 2368 domus,
2485 2310 2625 2370 μυχός

244 2374 311 2415 ille
337 2377 521 2431 proxime
550 2377 690 2419 focum
722 2377 913 2435 epistylio
943 2372 1128 2435 διατόνῳ
1157 2380 1439 2439 tabulatisque
1468 2383 1504 2426 ei
1533 2383 1668 2426 affixis
1689 2392 1842 2438 tectus,
1871 2386 2122 2430 indicantur.
2173 2390 2431 2432 Accuratius
2453 2405 2622 2446 quoque

245 2447 391 2487 eadem
430 2451 545 2490 vocis
583 2449 647 2490 vis
686 2451 738 2491 ab
781 2451 872 2505 ipso
909 2460 1034 2506 poeta
1078 2453 1195 2507 quasi
1224 2453 1486 2509 explanatur.
1542 2455 1632 2506 IX,
1677 2460 1760 2498 640
1787 2458 1894 2501 enim
1926 2460 2053 2501 verba
2083 2458 2291 2504 αἴδεσσαι
2319 2460 2369 2504 δὲ
2392 2460 2622 2518 μέλαθρον

245 2527 480 2573 sequuntur
509 2521 613 2563 haec
643 2538 653 2562 z
684 2517 935 2578 ὑπωρόφιοι
966 2521 1013 2564 δέ
1040 2522 1108 2564 τοί
1136 2520 1274 2575 εἶμεν,
1306 2527 1499 2581 paraphr.
1530 2528 1632 2568 Bek.
1662 2523 1749 2570 ὑπὸ
1772 2528 1848 2585 τήν
1876 2523 2008 2586 αὐτήν
2035 2545 2102 2574 σοι
2134 2532 2300 2589 στέγην,
2344 2535 2473 2576 schol.
2508 2534 2619 2590 Lips.

247 2597 387 2630 autem
415 2590 456 2631 in
487 2607 523 2632 v.
553 2592 580 2633 1.
612 2586 827 2648 ἀξιολόγῳ
857 2588 1035 2646 ὀνόματι
1063 2590 1271 2637 ἱκετεύει·
1312 2595 1364 2638 τό
1390 2596 1477 2654 γάρ
1507 2598 1782 2642 αἴδεσσαι
1810 2601 2100 2659 μέλαθρον
2125 2619 2184 2647 το
2201 2604 2260 2654 ὐς
2288 2600 2621 2662 πρόςφυγας

242 2659 336 2712 τῆς
373 2657 561 2710 ἑστίας
596 2662 733 2717 λέγει,
780 2664 1077 2707 αἴδεσσαι·
1117 2664 1167 2707 τὸ
1207 2666 1256 2708 δὲ
1284 2662 1582 2725 ὁμοτράπεζον
1610 2671 1682 2712 καὶ
1708 2666 1945 2729 όμόστεγον
1972 2676 2200 2732 προτείνας
2227 2677 2297 2719 καὶ
2328 2677 2539 2730 πολέμιον
2564 2673 2620 2721 ἂν

242 2727 454 2785 ἐνίκησεν,
493 2730 555 2781 ὥς
586 2735 660 2776 καὶ
696 2738 777 2777 τοῦ
812 2735 940 2778 οἴκου
973 2730 1396 2794 σινμπρεσβεόοντος,
1436 2742 1491 2781 cf.
1536 2744 1661 2784 etiam
1690 2746 1884 2788 Eustath.
1928 2748 1979 2788 ad
2016 2763 2053 2788 v.
2084 2751 2186 2797 636,
2224 2765 2265 2805 p.
2296 2752 2397 2802 780,
2447 2753 2494 2791 17
2527 2766 2619 2808 sqq.

245 2798 378 2855 Quid,
420 2803 533 2857 quod
576 2807 702 2849 etiam
740 2809 792 2851 ab
829 2809 918 2851 aliis
955 2811 1090 2865 poetis
1128 2810 1358 2866 penetralia
1395 2811 1464 2854 illa
1494 2813 1645 2858 domus
1675 2832 1808 2872 prope
1836 2817 1976 2860 focum
2005 2819 2058 2874 τῇ
2084 2818 2210 2876 στέγῃ
2237 2829 2349 2863 tecta
2374 2820 2623 2879 μελάθρων

245 2887 349 2915 voce
380 2874 595 2928 appellata
622 2879 868 2935 reperimus.
926 2880 1075 2923 Nonne
1105 2883 1214 2923 enim
1244 2882 1399 2937 duplici
1427 2886 1596 2928 nomine
1625 2889 1799 2930 eandem
1831 2889 1980 2931 domus
2010 2899 2169 2943 partem
2196 2891 2401 2947 significat
2424 2896 2620 2950 Aeschy-

244 2942 336 2985 leus
380 2945 649 2997 Agamemno
690 2965 728 2991 ν.
765 2953 845 2993 818
888 2951 952 2993 ed.
981 2950 1128 2993 Herm.
1171 2952 1243 2993 νῦν
1281 2953 1319 2995 δ’
1354 2951 1402 3004 ἐς
1439 2953 1651 3011 μέλαθρα
1691 2959 1765 3001 καὶ
1808 2952 1970 3010 δόμους
2006 2957 2237 3014 ἐφεστίους
2265 2956 2428 3005 Ἐλθών
2466 2967 2620 3009 θεοῖσι

244 3013 402 3069 πρῶτα
441 3010 713 3071 δεξιώσομαι
753 3021 846 3064 coll.
877 3038 914 3064 v.
946 3026 1026 3065 924
1060 3016 1145 3075 εἶμ’
1174 3021 1221 3075 ἐς
1258 3017 1438 3079 δόμων
1473 3026 1735 3082 μέλαθρα
1765 3040 1808 3072 et
1836 3047 1873 3072 v.
1904 3033 1981 3073 935
2013 3034 2085 3075 καὶ
2117 3035 2199 3074 σοῦ
2224 3031 2432 3086 μολόντος
2461 3038 2618 3090 δωμα-

240 3086 350 3195 {tw
378 3083 549 3140 ἑστίαν,
579 3105 695 3134 sacra
722 3094 958 3149 penetralia
988 3095 1057 3138 illa
1086 3096 1202 3148 dico,
1238 3097 1279 3140 in
1311 3099 1465 3155 quibus
1493 3108 1590 3144 ante
1620 3101 1755 3144 omnia
1785 3101 1861 3145 diis
1891 3119 1968 3158 pro
1999 3105 2136 3148 reditu
2166 3105 2276 3150 felici
2303 3112 2460 3165 gratias
2489 3127 2617 3167 agere

261 3170 306 3197 aa
336 3166 438 3199 erat.
501 3178 507 3181 ’

380 3226 623 3288 Μέλαθρον
642 3244 799 3287 autem,
829 3239 954 3294 quale
974 3239 1098 3283 inodo
1119 3240 1424 3297 descripsimus,
1451 3236 1586 3295 μυχόν
1603 3244 1718 3287 illum
1740 3246 1932 3300 proxime
1958 3247 2113 3300 focum,
2143 3251 2266 3293 etiam
2294 3267 2365 3303 μα
2375 3269 2457 3306 γει
2469 3254 2619 3309 ρείου

246 3297 458 3342 »culinae«
499 3303 667 3348 nomine
705 3308 907 3365 explicari
944 3311 1002 3367 (v.
1040 3326 1168 3369 supra
1206 3312 1269 3364 D,
1299 3312 1344 3369 6)
1375 3330 1458 3358 non
1489 3313 1719 3368 miraberis,
1764 3332 1895 3372 quum
1935 3336 2018 3362 non
2059 3321 2184 3364 dubie
2222 3325 2370 3367 eodem
2410 3327 2480 3368 illo
2518 3329 2616 3371 foco
