<?xml version="1.0" encoding="UTF-8"?>
<!DOCTYPE html PUBLIC "-//W3C//DTD XHTML 1.0 Transitional//EN"
    "http://www.w3.org/TR/xhtml1/DTD/xhtml1-transitional.dtd">
<html xmlns="http://www.w3.org/1999/xhtml" xml:lang="en" lang="en">
 <head>
  <title>
</title>
<meta http-equiv="Content-Type" content="text/html;charset=utf-8" />
  <meta name='ocr-system' content='tesseract 3.04.00' />
  <meta name='ocr-capabilities' content='ocr_page ocr_carea ocr_par ocr_line ocrx_word'/>
</head>
<body>
  <div class='ocr_page' id='page_1' title='image "4770466_0064.png"; bbox 0 0 2955 3681; ppageno 0'>
   <div class='ocr_carea' id='block_1_1' title="bbox 1486 84 1553 131">
    <p class='ocr_par' dir='ltr' id='par_1_1' title="bbox 1486 84 1553 131">
     <span class='ocr_line' id='line_1_1' title="bbox 1486 84 1553 131; baseline -0.015 0"><span class='ocrx_word' id='word_1_1' title='bbox 1486 84 1553 131; x_wconf 76' lang='lat'><strong>84</strong></span> 
     </span>
    </p>
   </div>
   <div class='ocr_carea' id='block_1_2' title="bbox 302 226 2718 3355">
    <p class='ocr_par' dir='ltr' id='par_1_2' title="bbox 302 226 2718 3355">
     <span class='ocr_line' id='line_1_2' title="bbox 319 226 2717 290; baseline -0.002 -15"><span class='ocrx_word' id='word_1_2' title='bbox 319 226 638 290; x_wconf 69' lang='grc' dir='ltr'><strong><em>(κατάντησιν)</em></strong></span> <span class='ocrx_word' id='word_1_3' title='bbox 686 229 873 275; x_wconf 82' lang='lat' dir='ltr'><strong>adverbii</strong></span> <span class='ocrx_word' id='word_1_4' title='bbox 917 229 1018 272; x_wconf 88' lang='lat' dir='ltr'><strong>loco</strong></span> <span class='ocrx_word' id='word_1_5' title='bbox 1056 228 1300 271; x_wconf 87' lang='lat' dir='ltr'><strong>habendum</strong></span> <span class='ocrx_word' id='word_1_6' title='bbox 1343 227 1407 271; x_wconf 82' lang='lat' dir='ltr'><strong>sit.</strong></span> <span class='ocrx_word' id='word_1_7' title='bbox 1462 226 1675 283; x_wconf 85' lang='lat' dir='ltr'><strong>Equidem</strong></span> <span class='ocrx_word' id='word_1_8' title='bbox 1721 230 1967 274; x_wconf 70' lang='lat' dir='ltr'>adverbium</span> <span class='ocrx_word' id='word_1_9' title='bbox 2015 245 2069 274; x_wconf 85' lang='lat' dir='ltr'><strong>ex</strong></span> <span class='ocrx_word' id='word_1_10' title='bbox 2117 229 2332 274; x_wconf 88' lang='lat' dir='ltr'><strong>duabus</strong></span> <span class='ocrx_word' id='word_1_11' title='bbox 2380 230 2553 273; x_wconf 85' lang='lat' dir='ltr'><strong>vocibus</strong></span> <span class='ocrx_word' id='word_1_12' title='bbox 2599 246 2717 274; x_wconf 80' lang='lat' dir='ltr'><strong>eom.</strong></span> 
     </span>
     <span class='ocr_line' id='line_1_3' title="bbox 315 291 2718 361; baseline -0.001 -15"><span class='ocrx_word' id='word_1_13' title='bbox 315 304 503 361; x_wconf 82' lang='lat' dir='ltr'><strong>positum</strong></span> <span class='ocrx_word' id='word_1_14' title='bbox 547 304 688 346; x_wconf 83' lang='lat' dir='ltr'><strong>solum</strong></span> <span class='ocrx_word' id='word_1_15' title='bbox 735 301 895 360; x_wconf 87' lang='lat' dir='ltr'><strong>probo,</strong></span> <span class='ocrx_word' id='word_1_16' title='bbox 951 301 1051 357; x_wconf 87' lang='lat' dir='ltr'><strong>quia</strong></span> <span class='ocrx_word' id='word_1_17' title='bbox 1099 313 1240 357; x_wconf 87' lang='lat' dir='ltr'><strong>neque</strong></span> <span class='ocrx_word' id='word_1_18' title='bbox 1289 313 1468 356; x_wconf 88' lang='lat' dir='ltr'><strong>usquam</strong></span> <span class='ocrx_word' id='word_1_19' title='bbox 1520 291 1694 355; x_wconf 86' lang='grc' dir='ltr'><strong><em>ἄντησιν</em></strong></span> <span class='ocrx_word' id='word_1_20' title='bbox 1735 299 1825 342; x_wconf 86' lang='lat' dir='ltr'><strong>sive</strong></span> <span class='ocrx_word' id='word_1_21' title='bbox 1882 294 2080 358; x_wconf 82' lang='grc' dir='ltr'><strong><em>ἄντηστιν</em></strong></span> <span class='ocrx_word' id='word_1_22' title='bbox 2132 300 2378 343; x_wconf 77' lang='lat' dir='ltr'>adverbium</span> <span class='ocrx_word' id='word_1_23' title='bbox 2420 300 2631 344; x_wconf 77' lang='lat' dir='ltr'><strong>invenitur</strong></span> <span class='ocrx_word' id='word_1_24' title='bbox 2672 310 2718 344; x_wconf 82' lang='lat' dir='ltr'><strong>et</strong></span> 
     </span>
     <span class='ocr_line' id='line_1_4' title="bbox 315 362 2716 432; baseline -0.001 -14"><span class='ocrx_word' id='word_1_25' title='bbox 315 389 466 418; x_wconf 76' lang='lat' dir='ltr'><strong>omnes</strong></span> <span class='ocrx_word' id='word_1_26' title='bbox 491 375 745 432; x_wconf 79' lang='lat' dir='ltr'><strong>interpretes</strong></span> <span class='ocrx_word' id='word_1_27' title='bbox 774 380 1003 427; x_wconf 83' lang='lat' dir='ltr'><strong>utramque</strong></span> <span class='ocrx_word' id='word_1_28' title='bbox 1031 386 1180 414; x_wconf 80' lang='lat' dir='ltr'><strong>vocem</strong></span> <span class='ocrx_word' id='word_1_29' title='bbox 1210 371 1483 426; x_wconf 90' lang='lat' dir='ltr'><strong>conjunctam</strong></span> <span class='ocrx_word' id='word_1_30' title='bbox 1509 373 1601 411; x_wconf 86' lang='grc' dir='ltr'><strong><em>κατ’</em></strong></span> <span class='ocrx_word' id='word_1_31' title='bbox 1629 362 1830 426; x_wconf 82' lang='grc' dir='ltr'><strong><em>ἄντηστιν</em></strong></span> <span class='ocrx_word' id='word_1_32' title='bbox 1858 371 1977 428; x_wconf 87' lang='grc' dir='ltr'><strong><em>(κατ’</em></strong></span> <span class='ocrx_word' id='word_1_33' title='bbox 2003 365 2188 430; x_wconf 82' lang='grc' dir='ltr'><strong><em>ἄντησιν,</em></strong></span> <span class='ocrx_word' id='word_1_34' title='bbox 2215 363 2481 429; x_wconf 73' lang='grc' dir='ltr'><strong><em>κατάντησιν,</em></strong></span> <span class='ocrx_word' id='word_1_35' title='bbox 2509 364 2716 429; x_wconf 71' lang='grc' dir='ltr'><strong><em>κατάντη-</em></strong></span> 
     </span>
     <span class='ocr_line' id='line_1_5' title="bbox 315 439 2714 503; baseline -0.001 -14"><span class='ocrx_word' id='word_1_36' title='bbox 315 445 430 503; x_wconf 85' lang='grc' dir='ltr'><strong><em>στιν)</em></strong></span> <span class='ocrx_word' id='word_1_37' title='bbox 457 444 667 489; x_wconf 73' lang='lat' dir='ltr'>adverbiis</span> <span class='ocrx_word' id='word_1_38' title='bbox 692 441 927 495; x_wconf 83' lang='grc' dir='ltr'><strong><em>κατέναντι,</em></strong></span> <span class='ocrx_word' id='word_1_39' title='bbox 957 440 1200 493; x_wconf 73' lang='grc' dir='ltr'><strong><em>καταντίον,</em></strong></span> <span class='ocrx_word' id='word_1_40' title='bbox 1228 439 1500 485; x_wconf 69' lang='grc' dir='ltr'><strong>κατεναντίον</strong></span> <span class='ocrx_word' id='word_1_41' title='bbox 1526 442 1752 498; x_wconf 81' lang='lat' dir='ltr'><strong>explicant.</strong></span> <span class='ocrx_word' id='word_1_42' title='bbox 1800 443 1871 485; x_wconf 90' lang='lat' dir='ltr'><strong>Et.</strong></span> <span class='ocrx_word' id='word_1_43' title='bbox 1902 443 2114 500; x_wconf 86' lang='lat' dir='ltr'><strong>Magnum</strong></span> <span class='ocrx_word' id='word_1_44' title='bbox 2145 459 2185 501; x_wconf 89' lang='lat' dir='ltr'><strong>p.</strong></span> <span class='ocrx_word' id='word_1_45' title='bbox 2220 449 2309 496; x_wconf 85' lang='lat'><strong>112,</strong></span> <span class='ocrx_word' id='word_1_46' title='bbox 2343 447 2389 488; x_wconf 87' lang='lat'><strong>17</strong></span> <span class='ocrx_word' id='word_1_47' title='bbox 2420 460 2504 488; x_wconf 89' lang='lat' dir='ltr'><strong>non</strong></span> <span class='ocrx_word' id='word_1_48' title='bbox 2534 444 2714 503; x_wconf 80' lang='lat' dir='ltr'><strong>excipio,</strong></span> 
     </span>
     <span class='ocr_line' id='line_1_6' title="bbox 314 509 2714 575; baseline -0 -15"><span class='ocrx_word' id='word_1_49' title='bbox 314 517 472 575; x_wconf 87' lang='lat' dir='ltr'><strong>qnippe</strong></span> <span class='ocrx_word' id='word_1_50' title='bbox 500 517 574 573; x_wconf 78' lang='lat' dir='ltr'><strong>qni</strong></span> <span class='ocrx_word' id='word_1_51' title='bbox 601 516 759 560; x_wconf 88' lang='lat' dir='ltr'><strong>lemma</strong></span> <span class='ocrx_word' id='word_1_52' title='bbox 795 509 998 571; x_wconf 73' lang='grc' dir='ltr'><strong><em>ἄντηστιν</em></strong></span> <span class='ocrx_word' id='word_1_53' title='bbox 1034 514 1377 571; x_wconf 82' lang='lat' dir='ltr'><strong>interpretationi</strong></span> <span class='ocrx_word' id='word_1_54' title='bbox 1417 519 1520 555; x_wconf 78' lang='lat' dir='ltr'><strong>suae</strong></span> <span class='ocrx_word' id='word_1_55' title='bbox 1563 528 1648 555; x_wconf 90' lang='lat' dir='ltr'><strong>non</strong></span> <span class='ocrx_word' id='word_1_56' title='bbox 1688 513 1769 554; x_wconf 84' lang='lat' dir='ltr'><strong>hae</strong></span> <span class='ocrx_word' id='word_1_57' title='bbox 1809 513 1863 556; x_wconf 90' lang='lat' dir='ltr'><strong>de</strong></span> <span class='ocrx_word' id='word_1_58' title='bbox 1904 528 2037 556; x_wconf 87' lang='lat' dir='ltr'><strong>causa</strong></span> <span class='ocrx_word' id='word_1_59' title='bbox 2080 516 2397 572; x_wconf 77' lang='lat' dir='ltr'><strong>praeposuerit,</strong></span> <span class='ocrx_word' id='word_1_60' title='bbox 2441 515 2539 573; x_wconf 88' lang='lat' dir='ltr'><strong>quia</strong></span> <span class='ocrx_word' id='word_1_61' title='bbox 2567 529 2714 559; x_wconf 87' lang='lat' dir='ltr'><strong>vocem</strong></span> 
     </span>
     <span class='ocr_line' id='line_1_7' title="bbox 311 578 2714 645; baseline -0 -14"><span class='ocrx_word' id='word_1_62' title='bbox 311 582 512 645; x_wconf 79' lang='grc' dir='ltr'><strong><em>ἄντηστιν</em></strong></span> <span class='ocrx_word' id='word_1_63' title='bbox 545 585 856 644; x_wconf 79' lang='lat' dir='ltr'><strong>praepositione</strong></span> <span class='ocrx_word' id='word_1_64' title='bbox 891 585 1047 629; x_wconf 84' lang='lat' dir='ltr'><strong>omissa</strong></span> <span class='ocrx_word' id='word_1_65' title='bbox 1086 584 1333 628; x_wconf 79' lang='lat' dir='ltr'><strong>adverbium</strong></span> <span class='ocrx_word' id='word_1_66' title='bbox 1372 584 1541 634; x_wconf 84' lang='lat' dir='ltr'><strong>habuit,</strong></span> <span class='ocrx_word' id='word_1_67' title='bbox 1585 584 1658 626; x_wconf 86' lang='lat' dir='ltr'><strong>sed</strong></span> <span class='ocrx_word' id='word_1_68' title='bbox 1688 584 1787 639; x_wconf 91' lang='lat' dir='ltr'><strong>quia</strong></span> <span class='ocrx_word' id='word_1_69' title='bbox 1816 584 1857 625; x_wconf 90' lang='lat' dir='ltr'><strong>in</strong></span> <span class='ocrx_word' id='word_1_70' title='bbox 1888 587 1979 626; x_wconf 89' lang='grc' dir='ltr'><strong><em>κατ’</em></strong></span> <span class='ocrx_word' id='word_1_71' title='bbox 2005 578 2205 642; x_wconf 82' lang='grc' dir='ltr'><strong><em>ἄντηστιν</em></strong></span> <span class='ocrx_word' id='word_1_72' title='bbox 2230 587 2403 629; x_wconf 85' lang='lat' dir='ltr'><strong>alteram</strong></span> <span class='ocrx_word' id='word_1_73' title='bbox 2433 601 2582 630; x_wconf 87' lang='lat' dir='ltr'><strong>vocem</strong></span> <span class='ocrx_word' id='word_1_74' title='bbox 2613 587 2714 630; x_wconf 85' lang='lat' dir='ltr'><strong>sub-</strong></span> 
     </span>
     <span class='ocr_line' id='line_1_8' title="bbox 312 647 2709 714; baseline -0.001 -12"><span class='ocrx_word' id='word_1_75' title='bbox 312 658 485 702; x_wconf 80' lang='lat' dir='ltr'><strong>stantivi</strong></span> <span class='ocrx_word' id='word_1_76' title='bbox 514 659 804 702; x_wconf 75' lang='lat' dir='ltr'><strong>accusativum</strong></span> <span class='ocrx_word' id='word_1_77' title='bbox 832 671 928 701; x_wconf 85' lang='lat' dir='ltr'><strong>esse</strong></span> <span class='ocrx_word' id='word_1_78' title='bbox 956 657 1140 714; x_wconf 84' lang='lat' dir='ltr'><strong>putavit.</strong></span> <span class='ocrx_word' id='word_1_79' title='bbox 1199 649 1441 712; x_wconf 67' lang='grc' dir='ltr'><strong><em>η”Αντηστιν</em></strong></span> <span class='ocrx_word' id='word_1_80' title='bbox 1467 668 1482 698; x_wconf 90' lang='grc'><strong>.·</strong></span> <span class='ocrx_word' id='word_1_81' title='bbox 1508 652 1633 712; x_wconf 74' lang='grc' dir='ltr'><strong><em>παρὰ</em></strong></span> <span class='ocrx_word' id='word_1_82' title='bbox 1661 652 1712 698; x_wconf 86' lang='grc' dir='ltr'><strong>τὸ</strong></span> <span class='ocrx_word' id='word_1_83' title='bbox 1738 647 1877 705; x_wconf 78' lang='grc' dir='ltr'><strong><em>ἄντῶ,</em></strong></span> <span class='ocrx_word' id='word_1_84' title='bbox 1917 647 2087 710; x_wconf 69' lang='grc' dir='ltr'><strong><em>ἀντήσω</em></strong></span> <span class='ocrx_word' id='word_1_85' title='bbox 2125 651 2300 712; x_wconf 81' lang='grc' dir='ltr'><strong><em>ἄντησις</em></strong></span> <span class='ocrx_word' id='word_1_86' title='bbox 2334 658 2408 699; x_wconf 85' lang='grc' dir='ltr'><strong>καὶ</strong></span> <span class='ocrx_word' id='word_1_87' title='bbox 2439 651 2678 714; x_wconf 79' lang='grc' dir='ltr'><strong><em>ὑπᾶντησις</em></strong></span> <span class='ocrx_word' id='word_1_88' title='bbox 2699 672 2709 680; x_wconf 92' lang='grc'><strong><em>·</em></strong></span> 
     </span>
     <span class='ocr_line' id='line_1_9' title="bbox 312 719 2714 785; baseline 0 -14"><span class='ocrx_word' id='word_1_89' title='bbox 312 729 386 772; x_wconf 82' lang='grc' dir='ltr'><strong>καὶ</strong></span> <span class='ocrx_word' id='word_1_90' title='bbox 415 729 687 784; x_wconf 72' lang='grc' dir='ltr'><strong><em>πλεονασμῷ</em></strong></span> <span class='ocrx_word' id='word_1_91' title='bbox 713 728 799 770; x_wconf 89' lang='grc' dir='ltr'><strong>τοῦ</strong></span> <span class='ocrx_word' id='word_1_92' title='bbox 825 730 879 777; x_wconf 70' lang='grc' dir='ltr'><strong>ἶ,</strong></span> <span class='ocrx_word' id='word_1_93' title='bbox 908 721 1113 784; x_wconf 82' lang='grc' dir='ltr'><strong><em>ἄντηστις</em></strong></span> <span class='ocrx_word' id='word_1_94' title='bbox 1133 740 1143 751; x_wconf 87' lang='grc'><em>·</em></span> <span class='ocrx_word' id='word_1_95' title='bbox 1188 721 1252 769; x_wconf 86' lang='grc' dir='ltr'><em>Ἡ</em></span> <span class='ocrx_word' id='word_1_96' title='bbox 1275 724 1325 767; x_wconf 79' lang='grc' dir='ltr'><strong>δὲ</strong></span> <span class='ocrx_word' id='word_1_97' title='bbox 1354 725 1447 767; x_wconf 85' lang='grc' dir='ltr'><strong><em>κατ’</em></strong></span> <span class='ocrx_word' id='word_1_98' title='bbox 1477 719 1676 781; x_wconf 76' lang='grc' dir='ltr'><strong><em>ἄντηστιν</em></strong></span> <span class='ocrx_word' id='word_1_99' title='bbox 1703 723 1866 781; x_wconf 75' lang='grc' dir='ltr'><strong><em>θεμένη</em></strong></span> <span class='ocrx_word' id='word_1_100' title='bbox 1893 725 2166 781; x_wconf 77' lang='grc' dir='ltr'><strong><em>περικαλλέα</em></strong></span> <span class='ocrx_word' id='word_1_101' title='bbox 2194 726 2398 784; x_wconf 76' lang='grc' dir='ltr'><strong><em>δίφρονα.</em></strong></span> <span class='ocrx_word' id='word_1_102' title='bbox 2456 729 2604 785; x_wconf 81' lang='lat' dir='ltr'><strong>Atque</strong></span> <span class='ocrx_word' id='word_1_103' title='bbox 2633 729 2714 772; x_wconf 84' lang='lat' dir='ltr'><strong>hac</strong></span> 
     </span>
     <span class='ocr_line' id='line_1_10' title="bbox 311 792 2713 858; baseline 0 -15"><span class='ocrx_word' id='word_1_104' title='bbox 311 799 357 843; x_wconf 93' lang='lat' dir='ltr'><strong>in</strong></span> <span class='ocrx_word' id='word_1_105' title='bbox 387 814 435 843; x_wconf 87' lang='lat' dir='ltr'><strong>re</strong></span> <span class='ocrx_word' id='word_1_106' title='bbox 464 814 612 844; x_wconf 85' lang='lat' dir='ltr'><strong>verum</strong></span> <span class='ocrx_word' id='word_1_107' title='bbox 640 800 797 845; x_wconf 82' lang='lat' dir='ltr'><strong>vidisse</strong></span> <span class='ocrx_word' id='word_1_108' title='bbox 827 798 1133 856; x_wconf 79' lang='lat' dir='ltr'><strong>Etymologum</strong></span> <span class='ocrx_word' id='word_1_109' title='bbox 1163 805 1292 856; x_wconf 88' lang='lat' dir='ltr'><strong>puto,</strong></span> <span class='ocrx_word' id='word_1_110' title='bbox 1339 797 1427 839; x_wconf 85' lang='lat' dir='ltr'><strong>sive</strong></span> <span class='ocrx_word' id='word_1_111' title='bbox 1474 797 1619 841; x_wconf 86' lang='lat' dir='ltr'><strong>scribis</strong></span> <span class='ocrx_word' id='word_1_112' title='bbox 1661 799 1750 840; x_wconf 87' lang='grc' dir='ltr'><strong><em>κατ’</em></strong></span> <span class='ocrx_word' id='word_1_113' title='bbox 1790 792 1982 855; x_wconf 84' lang='grc' dir='ltr'><strong><em>ἄντησιν,</em></strong></span> <span class='ocrx_word' id='word_1_114' title='bbox 2030 801 2122 840; x_wconf 85' lang='grc' dir='ltr'><strong><em>κατ’</em></strong></span> <span class='ocrx_word' id='word_1_115' title='bbox 2162 792 2360 856; x_wconf 85' lang='grc' dir='ltr'><strong><em>ἄντηστιν</em></strong></span> <span class='ocrx_word' id='word_1_116' title='bbox 2401 800 2490 843; x_wconf 89' lang='lat' dir='ltr'><strong>sive</strong></span> <span class='ocrx_word' id='word_1_117' title='bbox 2528 810 2713 858; x_wconf 84' lang='lat' dir='ltr'><strong>utraque</strong></span> 
     </span>
     <span class='ocr_line' id='line_1_11' title="bbox 313 862 2711 928; baseline -0 -13"><span class='ocrx_word' id='word_1_118' title='bbox 313 873 469 916; x_wconf 83' lang='lat' dir='ltr'><strong>vocula</strong></span> <span class='ocrx_word' id='word_1_119' title='bbox 497 873 726 928; x_wconf 85' lang='lat' dir='ltr'><strong>conjuncta</strong></span> <span class='ocrx_word' id='word_1_120' title='bbox 751 863 1029 928; x_wconf 75' lang='grc' dir='ltr'><strong><em>κατάντησιν,</em></strong></span> <span class='ocrx_word' id='word_1_121' title='bbox 1069 865 1360 925; x_wconf 70' lang='grc' dir='ltr'><strong><em>κατάντηστιν.</em></strong></span> <span class='ocrx_word' id='word_1_122' title='bbox 1415 867 1541 922; x_wconf 84' lang='lat' dir='ltr'><strong>Quae</strong></span> <span class='ocrx_word' id='word_1_123' title='bbox 1570 869 1678 912; x_wconf 91' lang='lat' dir='ltr'><strong>enim</strong></span> <span class='ocrx_word' id='word_1_124' title='bbox 1709 870 1829 912; x_wconf 90' lang='lat' dir='ltr'><strong>unius</strong></span> <span class='ocrx_word' id='word_1_125' title='bbox 1857 869 1970 911; x_wconf 89' lang='lat' dir='ltr'><strong>vocis</strong></span> <span class='ocrx_word' id='word_1_126' title='bbox 2001 868 2086 911; x_wconf 91' lang='lat' dir='ltr'><strong>vim</strong></span> <span class='ocrx_word' id='word_1_127' title='bbox 2109 862 2354 924; x_wconf 64' lang='lat' dir='ltr'><strong>rennuerit,</strong></span> <span class='ocrx_word' id='word_1_128' title='bbox 2399 871 2640 928; x_wconf 80' lang='lat' dir='ltr'><strong>saepissime</strong></span> <span class='ocrx_word' id='word_1_129' title='bbox 2668 873 2711 914; x_wconf 90' lang='lat' dir='ltr'><strong>in</strong></span> 
     </span>
     <span class='ocr_line' id='line_1_12' title="bbox 312 938 2712 995; baseline 0 -9"><span class='ocrx_word' id='word_1_130' title='bbox 312 959 443 987; x_wconf 85' lang='lat' dir='ltr'><strong>unam</strong></span> <span class='ocrx_word' id='word_1_131' title='bbox 486 958 640 987; x_wconf 84' lang='lat' dir='ltr'><strong>vocem</strong></span> <span class='ocrx_word' id='word_1_132' title='bbox 681 943 953 993; x_wconf 87' lang='lat' dir='ltr'><strong>coalescunt,</strong></span> <span class='ocrx_word' id='word_1_133' title='bbox 1001 949 1049 983; x_wconf 92' lang='lat' dir='ltr'><strong>ut</strong></span> <span class='ocrx_word' id='word_1_134' title='bbox 1083 938 1352 983; x_wconf 76' lang='grc' dir='ltr'><strong><em>κατεναντίον</em></strong></span> <span class='ocrx_word' id='word_1_135' title='bbox 1386 954 1462 995; x_wconf 90' lang='lat' dir='ltr'><strong>pro</strong></span> <span class='ocrx_word' id='word_1_136' title='bbox 1493 943 1585 982; x_wconf 90' lang='grc' dir='ltr'><strong><em>κατ’</em></strong></span> <span class='ocrx_word' id='word_1_137' title='bbox 1614 938 1802 983; x_wconf 83' lang='grc' dir='ltr'><strong><em>ἐναντίον</em></strong></span> <span class='ocrx_word' id='word_1_138' title='bbox 1828 940 1895 982; x_wconf 89' lang='lat' dir='ltr'><strong>all.</strong></span> <span class='ocrx_word' id='word_1_139' title='bbox 1953 938 2216 984; x_wconf 81' lang='lat' dir='ltr'><strong>Substantivi</strong></span> <span class='ocrx_word' id='word_1_140' title='bbox 2245 943 2422 986; x_wconf 89' lang='lat' dir='ltr'><strong>nominis</strong></span> <span class='ocrx_word' id='word_1_141' title='bbox 2453 943 2537 985; x_wconf 89' lang='lat' dir='ltr'><strong>vim</strong></span> <span class='ocrx_word' id='word_1_142' title='bbox 2569 952 2712 986; x_wconf 85' lang='lat' dir='ltr'><strong>autem</strong></span> 
     </span>
     <span class='ocr_line' id='line_1_13' title="bbox 312 1011 2712 1073; baseline 0 -15"><span class='ocrx_word' id='word_1_143' title='bbox 312 1014 357 1058; x_wconf 89' lang='lat' dir='ltr'><strong>in</strong></span> <span class='ocrx_word' id='word_1_144' title='bbox 388 1015 469 1059; x_wconf 87' lang='lat' dir='ltr'><strong>hac</strong></span> <span class='ocrx_word' id='word_1_145' title='bbox 498 1015 724 1059; x_wconf 85' lang='lat' dir='ltr'><strong>verborum</strong></span> <span class='ocrx_word' id='word_1_146' title='bbox 754 1013 1057 1071; x_wconf 85' lang='lat' dir='ltr'><strong>conjunctione</strong></span> <span class='ocrx_word' id='word_1_147' title='bbox 1086 1011 1265 1054; x_wconf 88' lang='lat' dir='ltr'><strong>eandem</strong></span> <span class='ocrx_word' id='word_1_148' title='bbox 1294 1025 1385 1054; x_wconf 87' lang='lat' dir='ltr'><strong>esse</strong></span> <span class='ocrx_word' id='word_1_149' title='bbox 1414 1011 1582 1067; x_wconf 86' lang='lat' dir='ltr'><strong>opinor,</strong></span> <span class='ocrx_word' id='word_1_150' title='bbox 1626 1020 1825 1069; x_wconf 85' lang='lat' dir='ltr'><strong>tanquam</strong></span> <span class='ocrx_word' id='word_1_151' title='bbox 1863 1012 1896 1054; x_wconf 91' lang='lat' dir='ltr'><strong>si</strong></span> <span class='ocrx_word' id='word_1_152' title='bbox 1932 1013 2026 1069; x_wconf 88' lang='lat' dir='ltr'><strong>quis</strong></span> <span class='ocrx_word' id='word_1_153' title='bbox 2066 1013 2226 1057; x_wconf 88' lang='lat' dir='ltr'><strong>diceret</strong></span> <span class='ocrx_word' id='word_1_154' title='bbox 2266 1014 2341 1057; x_wconf 85' lang='lat' dir='ltr'><strong>nin</strong></span> <span class='ocrx_word' id='word_1_155' title='bbox 2372 1029 2589 1057; x_wconf 72' lang='lat' dir='ltr'><strong>occursu«</strong></span> <span class='ocrx_word' id='word_1_156' title='bbox 2631 1031 2712 1073; x_wconf 90' lang='lat' dir='ltr'><strong>pro</strong></span> 
     </span>
     <span class='ocr_line' id='line_1_14' title="bbox 314 1083 2711 1144; baseline 0.001 -15"><span class='ocrx_word' id='word_1_157' title='bbox 314 1087 385 1130; x_wconf 73' lang='lat' dir='ltr'><strong>»in</strong></span> <span class='ocrx_word' id='word_1_158' title='bbox 414 1095 665 1144; x_wconf 85' lang='lat' dir='ltr'><strong>conspectu,</strong></span> <span class='ocrx_word' id='word_1_159' title='bbox 695 1093 866 1128; x_wconf 72' lang='lat' dir='ltr'><strong>contra«</strong></span> <span class='ocrx_word' id='word_1_160' title='bbox 897 1093 941 1127; x_wconf 91' lang='lat' dir='ltr'><strong>et</strong></span> <span class='ocrx_word' id='word_1_161' title='bbox 968 1098 1166 1139; x_wconf 87' lang='lat' dir='ltr'><strong>comparo</strong></span> <span class='ocrx_word' id='word_1_162' title='bbox 1195 1083 1515 1125; x_wconf 79' lang='lat' dir='ltr'><strong>translationem</strong></span> <span class='ocrx_word' id='word_1_163' title='bbox 1546 1085 1722 1126; x_wconf 87' lang='lat' dir='ltr'><strong>actionis</strong></span> <span class='ocrx_word' id='word_1_164' title='bbox 1743 1086 1794 1126; x_wconf 92' lang='lat' dir='ltr'><strong>ad</strong></span> <span class='ocrx_word' id='word_1_165' title='bbox 1816 1084 1954 1126; x_wconf 88' lang='lat' dir='ltr'><strong>locum</strong></span> <span class='ocrx_word' id='word_1_166' title='bbox 1976 1084 2288 1140; x_wconf 73' lang='lat' dir='ltr'><strong>designandum</strong></span> <span class='ocrx_word' id='word_1_167' title='bbox 2310 1100 2408 1129; x_wconf 89' lang='lat' dir='ltr'><strong>cum</strong></span> <span class='ocrx_word' id='word_1_168' title='bbox 2430 1086 2711 1143; x_wconf 78' lang='lat' dir='ltr'><strong>posteriorum</strong></span> 
     </span>
     <span class='ocr_line' id='line_1_15' title="bbox 313 1154 2713 1216; baseline 0 -14"><span class='ocrx_word' id='word_1_169' title='bbox 313 1158 532 1216; x_wconf 80' lang='lat' dir='ltr'><strong>epicorum</strong></span> <span class='ocrx_word' id='word_1_170' title='bbox 563 1158 631 1213; x_wconf 86' lang='lat' dir='ltr'><strong>(ut</strong></span> <span class='ocrx_word' id='word_1_171' title='bbox 658 1156 877 1213; x_wconf 90' lang='lat' dir='ltr'><strong>Apollonii</strong></span> <span class='ocrx_word' id='word_1_172' title='bbox 905 1155 1080 1208; x_wconf 83' lang='lat' dir='ltr'><strong>Rhodii)</strong></span> <span class='ocrx_word' id='word_1_173' title='bbox 1111 1155 1242 1197; x_wconf 86' lang='lat' dir='ltr'><strong>verbo</strong></span> <span class='ocrx_word' id='word_1_174' title='bbox 1274 1154 1382 1198; x_wconf 71' lang='grc' dir='ltr'><strong>»ἐπὶ</strong></span> <span class='ocrx_word' id='word_1_175' title='bbox 1413 1155 1669 1213; x_wconf 72' lang='grc' dir='ltr'><strong><em>προμολῇσι</em></strong></span> <span class='ocrx_word' id='word_1_176' title='bbox 1683 1171 1718 1197; x_wconf 77' lang='grc' dir='ltr'><strong><em>α.</em></strong></span> <span class='ocrx_word' id='word_1_177' title='bbox 1776 1158 1842 1198; x_wconf 93' lang='lat' dir='ltr'><strong>De</strong></span> <span class='ocrx_word' id='word_1_178' title='bbox 1871 1170 1975 1198; x_wconf 89' lang='lat' dir='ltr'><strong>voce</strong></span> <span class='ocrx_word' id='word_1_179' title='bbox 2005 1156 2225 1200; x_wconf 87' lang='lat' dir='ltr'><strong>scribenda</strong></span> <span class='ocrx_word' id='word_1_180' title='bbox 2253 1157 2334 1199; x_wconf 87' lang='lat' dir='ltr'><strong>hoc</strong></span> <span class='ocrx_word' id='word_1_181' title='bbox 2361 1157 2509 1201; x_wconf 85' lang='lat' dir='ltr'><strong>sentio.</strong></span> <span class='ocrx_word' id='word_1_182' title='bbox 2565 1157 2713 1212; x_wconf 84' lang='lat' dir='ltr'><strong>Quum</strong></span> 
     </span>
     <span class='ocr_line' id='line_1_16' title="bbox 313 1219 2710 1283; baseline 0 -9"><span class='ocrx_word' id='word_1_183' title='bbox 313 1244 464 1274; x_wconf 87' lang='lat' dir='ltr'><strong>omnes</strong></span> <span class='ocrx_word' id='word_1_184' title='bbox 499 1228 718 1273; x_wconf 86' lang='lat' dir='ltr'><strong>Homerici</strong></span> <span class='ocrx_word' id='word_1_185' title='bbox 757 1227 848 1271; x_wconf 88' lang='lat' dir='ltr'><strong>libri</strong></span> <span class='ocrx_word' id='word_1_186' title='bbox 885 1228 927 1270; x_wconf 91' lang='lat' dir='ltr'><strong>in</strong></span> <span class='ocrx_word' id='word_1_187' title='bbox 967 1227 1031 1269; x_wconf 92' lang='lat' dir='ltr'><strong>his</strong></span> <span class='ocrx_word' id='word_1_188' title='bbox 1069 1227 1202 1269; x_wconf 90' lang='lat' dir='ltr'><strong>literis</strong></span> <span class='ocrx_word' id='word_1_189' title='bbox 1241 1228 1333 1268; x_wconf 84' lang='grc' dir='ltr'><strong><em>κατ’</em></strong></span> <span class='ocrx_word' id='word_1_190' title='bbox 1362 1219 1564 1282; x_wconf 73' lang='grc' dir='ltr'><strong><em>ἄντηστιν</em></strong></span> <span class='ocrx_word' id='word_1_191' title='bbox 1600 1227 1687 1268; x_wconf 90' lang='lat' dir='ltr'><strong>sive</strong></span> <span class='ocrx_word' id='word_1_192' title='bbox 1722 1219 1998 1283; x_wconf 77' lang='grc' dir='ltr'><strong><em>κατάντηστιν</em></strong></span> <span class='ocrx_word' id='word_1_193' title='bbox 2025 1226 2297 1270; x_wconf 90' lang='lat' dir='ltr'><strong>consentiant</strong></span> <span class='ocrx_word' id='word_1_194' title='bbox 2325 1230 2448 1281; x_wconf 88' lang='lat' dir='ltr'><strong>(nam</strong></span> <span class='ocrx_word' id='word_1_195' title='bbox 2480 1228 2710 1274; x_wconf 88' lang='lat' dir='ltr'><strong>lectionum</strong></span> 
     </span>
     <span class='ocr_line' id='line_1_17' title="bbox 313 1291 2712 1358; baseline -0.001 -12"><span class='ocrx_word' id='word_1_196' title='bbox 313 1301 597 1358; x_wconf 76' lang='lat' dir='ltr'><strong>discrepantia</strong></span> <span class='ocrx_word' id='word_1_197' title='bbox 623 1299 665 1343; x_wconf 88' lang='lat' dir='ltr'><strong>in</strong></span> <span class='ocrx_word' id='word_1_198' title='bbox 695 1299 789 1344; x_wconf 89' lang='lat' dir='ltr'><strong>cod.</strong></span> <span class='ocrx_word' id='word_1_199' title='bbox 812 1298 997 1342; x_wconf 86' lang='lat' dir='ltr'><strong>Vindob.</strong></span> <span class='ocrx_word' id='word_1_200' title='bbox 1018 1302 1073 1342; x_wconf 86' lang='lat'><strong>50</strong></span> <span class='ocrx_word' id='word_1_201' title='bbox 1101 1301 1194 1341; x_wconf 88' lang='grc' dir='ltr'><strong><em>κατ’</em></strong></span> <span class='ocrx_word' id='word_1_202' title='bbox 1222 1291 1361 1354; x_wconf 80' lang='grc' dir='ltr'><strong><em>ἄντης,</em></strong></span> <span class='ocrx_word' id='word_1_203' title='bbox 1388 1296 1430 1339; x_wconf 89' lang='lat' dir='ltr'><strong>in</strong></span> <span class='ocrx_word' id='word_1_204' title='bbox 1460 1298 1653 1354; x_wconf 84' lang='lat' dir='ltr'><strong>margine</strong></span> <span class='ocrx_word' id='word_1_205' title='bbox 1687 1303 1758 1339; x_wconf 79' lang='lat'>1¹²²·</span> <span class='ocrx_word' id='word_1_206' title='bbox 1783 1314 1933 1341; x_wconf 87' lang='lat' dir='ltr'><strong>manus</strong></span> <span class='ocrx_word' id='word_1_207' title='bbox 1960 1313 2024 1355; x_wconf 79' lang='grc' dir='ltr'><strong>γρ.</strong></span> <span class='ocrx_word' id='word_1_208' title='bbox 2054 1293 2251 1355; x_wconf 88' lang='grc' dir='ltr'><strong><em>ἄντηστιν</em></strong></span> <span class='ocrx_word' id='word_1_209' title='bbox 2276 1297 2352 1357; x_wconf 68' lang='grc' dir='ltr'><strong>τῆν</strong></span> <span class='ocrx_word' id='word_1_210' title='bbox 2379 1293 2712 1357; x_wconf 69' lang='grc' dir='ltr'><strong><em>α’ντικρύθεσινς</em></strong></span> 
     </span>
     <span class='ocr_line' id='line_1_18' title="bbox 309 1363 2710 1428; baseline -0.001 -11"><span class='ocrx_word' id='word_1_211' title='bbox 309 1375 353 1417; x_wconf 91' lang='lat' dir='ltr'><strong>in</strong></span> <span class='ocrx_word' id='word_1_212' title='bbox 386 1372 560 1417; x_wconf 86' lang='lat' dir='ltr'><strong>Vratisl.</strong></span> <span class='ocrx_word' id='word_1_213' title='bbox 589 1369 680 1415; x_wconf 82' lang='grc' dir='ltr'><strong><em>κατ’</em></strong></span> <span class='ocrx_word' id='word_1_214' title='bbox 709 1364 840 1428; x_wconf 81' lang='grc' dir='ltr'><strong><em>ἄντης</em></strong></span> <span class='ocrx_word' id='word_1_215' title='bbox 866 1367 1100 1426; x_wconf 65' lang='grc' dir='ltr'><strong><em>τιθεμένη,</em></strong></span> <span class='ocrx_word' id='word_1_216' title='bbox 1130 1370 1171 1412; x_wconf 91' lang='lat' dir='ltr'><strong>in</strong></span> <span class='ocrx_word' id='word_1_217' title='bbox 1202 1385 1332 1422; x_wconf 80' lang='lat' dir='ltr'><strong>marg.</strong></span> <span class='ocrx_word' id='word_1_218' title='bbox 1362 1372 1454 1411; x_wconf 86' lang='grc' dir='ltr'><strong><em>κατ’</em></strong></span> <span class='ocrx_word' id='word_1_219' title='bbox 1483 1363 1706 1425; x_wconf 69' lang='grc' dir='ltr'><strong><em>ἄντηστινς</em></strong></span> <span class='ocrx_word' id='word_1_220' title='bbox 1755 1370 1797 1410; x_wconf 89' lang='lat' dir='ltr'><strong>in</strong></span> <span class='ocrx_word' id='word_1_221' title='bbox 1826 1385 1934 1412; x_wconf 86' lang='lat' dir='ltr'><strong>varr.</strong></span> <span class='ocrx_word' id='word_1_222' title='bbox 1964 1371 2079 1413; x_wconf 91' lang='lat' dir='ltr'><strong>lcctt.</strong></span> <span class='ocrx_word' id='word_1_223' title='bbox 2111 1371 2205 1412; x_wconf 92' lang='lat' dir='ltr'><strong>cod.</strong></span> <span class='ocrx_word' id='word_1_224' title='bbox 2241 1371 2421 1427; x_wconf 87' lang='lat' dir='ltr'><strong>Vespas.</strong></span> <span class='ocrx_word' id='word_1_225' title='bbox 2451 1372 2586 1413; x_wconf 89' lang='lat' dir='ltr'><strong>Gonz.</strong></span> <span class='ocrx_word' id='word_1_226' title='bbox 2615 1373 2710 1415; x_wconf 90' lang='lat' dir='ltr'><strong>Col.</strong></span> 
     </span>
     <span class='ocr_line' id='line_1_19' title="bbox 312 1432 2714 1502; baseline -0 -15"><span class='ocrx_word' id='word_1_227' title='bbox 312 1432 398 1502; x_wconf 84' lang='lat' dir='ltr'><strong>[ep.</strong></span> <span class='ocrx_word' id='word_1_228' title='bbox 423 1443 524 1486; x_wconf 86' lang='lat' dir='ltr'><strong>vin.</strong></span> <span class='ocrx_word' id='word_1_229' title='bbox 552 1442 623 1486; x_wconf 89' lang='lat' dir='ltr'><strong>ed.</strong></span> <span class='ocrx_word' id='word_1_230' title='bbox 654 1442 879 1485; x_wconf 88' lang='lat' dir='ltr'><strong>Villoison.</strong></span> <span class='ocrx_word' id='word_1_231' title='bbox 909 1444 1033 1499; x_wconf 83' lang='lat' dir='ltr'><strong>p.55,</strong></span> <span class='ocrx_word' id='word_1_232' title='bbox 1063 1441 1143 1484; x_wconf 90' lang='lat' dir='ltr'><strong>col.</strong></span> <span class='ocrx_word' id='word_1_233' title='bbox 1172 1439 1214 1498; x_wconf 89' lang='lat'><strong>2]</strong></span> <span class='ocrx_word' id='word_1_234' title='bbox 1243 1439 1333 1484; x_wconf 86' lang='grc' dir='ltr'><strong><em>κατ’</em></strong></span> <span class='ocrx_word' id='word_1_235' title='bbox 1363 1433 1560 1496; x_wconf 71' lang='grc' dir='ltr'><strong><em>ἀντηστίν</em></strong></span> <span class='ocrx_word' id='word_1_236' title='bbox 1588 1440 1799 1496; x_wconf 86' lang='lat' dir='ltr'><strong>adscripta</strong></span> <span class='ocrx_word' id='word_1_237' title='bbox 1827 1441 1959 1484; x_wconf 81' lang='lat' dir='ltr'><strong>altera</strong></span> <span class='ocrx_word' id='word_1_238' title='bbox 1987 1441 2167 1484; x_wconf 88' lang='lat' dir='ltr'><strong>lectione</strong></span> <span class='ocrx_word' id='word_1_239' title='bbox 2200 1434 2327 1498; x_wconf 73' lang='grc' dir='ltr'><strong><em>ἄντης</em></strong></span> <span class='ocrx_word' id='word_1_240' title='bbox 2352 1441 2559 1499; x_wconf 74' lang='grc' dir='ltr'><strong><em>τιθεμένη</em></strong></span> <span class='ocrx_word' id='word_1_241' title='bbox 2595 1443 2714 1486; x_wconf 83' lang='lat' dir='ltr'><strong>nihili</strong></span> 
     </span>
     <span class='ocr_line' id='line_1_20' title="bbox 311 1511 2711 1571; baseline -0.001 -13"><span class='ocrx_word' id='word_1_242' title='bbox 311 1515 574 1558; x_wconf 81' lang='lat' dir='ltr'><strong>aestimanda</strong></span> <span class='ocrx_word' id='word_1_243' title='bbox 602 1515 716 1569; x_wconf 88' lang='lat' dir='ltr'><strong>est),</strong></span> <span class='ocrx_word' id='word_1_244' title='bbox 759 1515 957 1571; x_wconf 89' lang='lat' dir='ltr'><strong>equidem</strong></span> <span class='ocrx_word' id='word_1_245' title='bbox 997 1513 1248 1556; x_wconf 87' lang='lat' dir='ltr'><strong>auctoritate</strong></span> <span class='ocrx_word' id='word_1_246' title='bbox 1286 1513 1468 1555; x_wconf 85' lang='lat' dir='ltr'><strong>duarum</strong></span> <span class='ocrx_word' id='word_1_247' title='bbox 1505 1512 1600 1554; x_wconf 90' lang='lat' dir='ltr'><strong>edd.</strong></span> <span class='ocrx_word' id='word_1_248' title='bbox 1641 1519 1836 1555; x_wconf 86' lang='lat' dir='ltr'><strong>veterum</strong></span> <span class='ocrx_word' id='word_1_249' title='bbox 1874 1511 2018 1555; x_wconf 85' lang='lat' dir='ltr'><strong>scholii</strong></span> <span class='ocrx_word' id='word_1_250' title='bbox 2047 1511 2224 1567; x_wconf 81' lang='lat' dir='ltr'><strong>Vulgati</strong></span> <span class='ocrx_word' id='word_1_251' title='bbox 2253 1523 2296 1555; x_wconf 89' lang='lat' dir='ltr'><strong>et</strong></span> <span class='ocrx_word' id='word_1_252' title='bbox 2323 1512 2526 1568; x_wconf 77' lang='lat' dir='ltr'><strong>Hesycliii</strong></span> <span class='ocrx_word' id='word_1_253' title='bbox 2556 1511 2711 1567; x_wconf 66' lang='lat' dir='ltr'><strong>glossis</strong></span> 
     </span>
     <span class='ocr_line' id='line_1_21' title="bbox 310 1579 2710 1644; baseline -0 -14"><span class='ocrx_word' id='word_1_254' title='bbox 310 1582 601 1644; x_wconf 76' lang='grc' dir='ltr'><strong><em>Κατᾶντησιν,</em></strong></span> <span class='ocrx_word' id='word_1_255' title='bbox 630 1584 904 1628; x_wconf 81' lang='grc' dir='ltr'><strong><em>κατεναντίον</em></strong></span> <span class='ocrx_word' id='word_1_256' title='bbox 931 1586 1012 1637; x_wconf 89' lang='lat' dir='ltr'><strong>(sic</strong></span> <span class='ocrx_word' id='word_1_257' title='bbox 1042 1586 1083 1627; x_wconf 92' lang='lat' dir='ltr'><strong>in</strong></span> <span class='ocrx_word' id='word_1_258' title='bbox 1114 1584 1208 1627; x_wconf 92' lang='lat' dir='ltr'><strong>cod.</strong></span> <span class='ocrx_word' id='word_1_259' title='bbox 1238 1599 1275 1626; x_wconf 90' lang='lat' dir='ltr'><strong>v.</strong></span> <span class='ocrx_word' id='word_1_260' title='bbox 1307 1582 1490 1639; x_wconf 73' lang='lat' dir='ltr'><strong>Schow)</strong></span> <span class='ocrx_word' id='word_1_261' title='bbox 1514 1590 1561 1627; x_wconf 89' lang='lat' dir='ltr'><strong>et</strong></span> <span class='ocrx_word' id='word_1_262' title='bbox 1586 1579 1863 1640; x_wconf 73' lang='grc' dir='ltr'><strong><em>καταντήσειν</em></strong></span> <span class='ocrx_word' id='word_1_263' title='bbox 1888 1582 2002 1639; x_wconf 88' lang='lat' dir='ltr'><strong>(sic).</strong></span> <span class='ocrx_word' id='word_1_264' title='bbox 2043 1582 2282 1636; x_wconf 83' lang='grc' dir='ltr'><strong><em>κατέναντι,</em></strong></span> <span class='ocrx_word' id='word_1_265' title='bbox 2324 1582 2374 1637; x_wconf 80' lang='grc' dir='ltr'><strong>ἐξ</strong></span> <span class='ocrx_word' id='word_1_266' title='bbox 2403 1583 2597 1635; x_wconf 82' lang='grc' dir='ltr'><strong><em>ἐναντίας</em></strong></span> <span class='ocrx_word' id='word_1_267' title='bbox 2623 1602 2710 1629; x_wconf 92' lang='lat' dir='ltr'><strong>non</strong></span> 
     </span>
     <span class='ocr_line' id='line_1_22' title="bbox 309 1655 2712 1714; baseline -0.001 -12"><span class='ocrx_word' id='word_1_268' title='bbox 309 1674 511 1710; x_wconf 87' lang='lat' dir='ltr'><strong>moveor,</strong></span> <span class='ocrx_word' id='word_1_269' title='bbox 554 1666 603 1700; x_wconf 88' lang='lat' dir='ltr'><strong>nt</strong></span> <span class='ocrx_word' id='word_1_270' title='bbox 640 1658 807 1700; x_wconf 83' lang='lat' dir='ltr'><strong>literam</strong></span> <span class='ocrx_word' id='word_1_271' title='bbox 835 1660 878 1698; x_wconf 75' lang='grc' dir='ltr'><strong>’τ’</strong></span> <span class='ocrx_word' id='word_1_272' title='bbox 903 1658 1109 1698; x_wconf 89' lang='lat' dir='ltr'><strong>omittam.</strong></span> <span class='ocrx_word' id='word_1_273' title='bbox 1166 1655 1373 1711; x_wconf 84' lang='lat' dir='ltr'><strong>Hesychii</strong></span> <span class='ocrx_word' id='word_1_274' title='bbox 1411 1655 1579 1713; x_wconf 80' lang='lat' dir='ltr'><strong>glossae</strong></span> <span class='ocrx_word' id='word_1_275' title='bbox 1619 1655 1787 1712; x_wconf 88' lang='lat' dir='ltr'><strong>quidem</strong></span> <span class='ocrx_word' id='word_1_276' title='bbox 1826 1655 1956 1712; x_wconf 76' lang='lat' dir='ltr'><strong>vulgo</strong></span> <span class='ocrx_word' id='word_1_277' title='bbox 1997 1655 2112 1699; x_wconf 91' lang='lat' dir='ltr'><strong>haud</strong></span> <span class='ocrx_word' id='word_1_278' title='bbox 2141 1657 2261 1714; x_wconf 89' lang='lat' dir='ltr'><strong>parvi</strong></span> <span class='ocrx_word' id='word_1_279' title='bbox 2290 1656 2507 1700; x_wconf 79' lang='lat' dir='ltr'><strong>faciendae</strong></span> <span class='ocrx_word' id='word_1_280' title='bbox 2537 1667 2638 1700; x_wconf 87' lang='lat' dir='ltr'><strong>sunt</strong></span> <span class='ocrx_word' id='word_1_281' title='bbox 2668 1667 2712 1701; x_wconf 91' lang='lat' dir='ltr'><strong>et</strong></span> 
     </span>
     <span class='ocr_line' id='line_1_23' title="bbox 309 1727 2707 1788; baseline 0 -15"><span class='ocrx_word' id='word_1_282' title='bbox 309 1731 488 1773; x_wconf 82' lang='lat' dir='ltr'><strong>fortasse</strong></span> <span class='ocrx_word' id='word_1_283' title='bbox 521 1738 689 1788; x_wconf 87' lang='lat' dir='ltr'><strong>praeter</strong></span> <span class='ocrx_word' id='word_1_284' title='bbox 728 1730 795 1771; x_wconf 90' lang='lat' dir='ltr'><strong>ed.</strong></span> <span class='ocrx_word' id='word_1_285' title='bbox 825 1729 1055 1770; x_wconf 88' lang='lat' dir='ltr'><strong>Parisinam</strong></span> <span class='ocrx_word' id='word_1_286' title='bbox 1085 1735 1129 1769; x_wconf 93' lang='lat' dir='ltr'><strong>et</strong></span> <span class='ocrx_word' id='word_1_287' title='bbox 1156 1728 1471 1782; x_wconf 77' lang='lat' dir='ltr'><strong>Hervagianam</strong></span> <span class='ocrx_word' id='word_1_288' title='bbox 1502 1727 1651 1769; x_wconf 88' lang='lat' dir='ltr'><strong>scholii</strong></span> <span class='ocrx_word' id='word_1_289' title='bbox 1683 1727 1832 1784; x_wconf 86' lang='lat' dir='ltr'><strong>Vulg.‚</strong></span> <span class='ocrx_word' id='word_1_290' title='bbox 1877 1743 2059 1784; x_wconf 87' lang='lat' dir='ltr'><strong>quarum</strong></span> <span class='ocrx_word' id='word_1_291' title='bbox 2099 1727 2170 1772; x_wconf 87' lang='lat' dir='ltr'><strong>illa</strong></span> <span class='ocrx_word' id='word_1_292' title='bbox 2210 1731 2390 1772; x_wconf 79' lang='lat' dir='ltr'><em>„KAT’</em></span> <span class='ocrx_word' id='word_1_293' title='bbox 2416 1732 2707 1773; x_wconf 78' lang='grc' dir='ltr'><em>ΛΝΤΗΣΙΝ.</em></span> 
     </span>
     <span class='ocr_line' id='line_1_24' title="bbox 308 1792 2709 1858; baseline 0 -14"><span class='ocrx_word' id='word_1_294' title='bbox 308 1795 512 1858; x_wconf 74' lang='grc' dir='ltr'><strong><em>ἄντικρὺς</em></strong></span> <span class='ocrx_word' id='word_1_295' title='bbox 538 1802 617 1843; x_wconf 84' lang='grc' dir='ltr'><strong>τοῦ</strong></span> <span class='ocrx_word' id='word_1_296' title='bbox 644 1799 879 1856; x_wconf 77' lang='grc' dir='ltr'><strong><em>ἀνδρῶνος.</em></strong></span> <span class='ocrx_word' id='word_1_297' title='bbox 908 1798 954 1842; x_wconf 83' lang='grc' dir='ltr'><strong>ἐν</strong></span> <span class='ocrx_word' id='word_1_298' title='bbox 979 1800 1035 1856; x_wconf 81' lang='grc' dir='ltr'><strong>τῇ</strong></span> <span class='ocrx_word' id='word_1_299' title='bbox 1061 1797 1350 1856; x_wconf 76' lang='grc' dir='ltr'><strong><em>γυναικωνίτῃ.</em></strong></span> <span class='ocrx_word' id='word_1_300' title='bbox 1379 1798 1495 1855; x_wconf 80' lang='grc' dir='ltr'><strong><em>τῃδι.</em></strong></span> <span class='ocrx_word' id='word_1_301' title='bbox 1517 1799 1659 1853; x_wconf 77' lang='lat' dir='ltr'><strong>(sie)«,</strong></span> <span class='ocrx_word' id='word_1_302' title='bbox 1689 1799 1794 1842; x_wconf 72' lang='lat' dir='ltr'><strong>llaec</strong></span> <span class='ocrx_word' id='word_1_303' title='bbox 1821 1799 1863 1841; x_wconf 91' lang='lat' dir='ltr'><strong>in</strong></span> <span class='ocrx_word' id='word_1_304' title='bbox 1890 1808 2011 1841; x_wconf 88' lang='lat' dir='ltr'><strong>textu</strong></span> <span class='ocrx_word' id='word_1_305' title='bbox 2042 1815 2052 1842; x_wconf 91' lang='lat'><strong>:</strong></span> <span class='ocrx_word' id='word_1_306' title='bbox 2084 1792 2276 1843; x_wconf 87' lang='grc' dir='ltr'><strong><em>ἄντιστιν</em></strong></span> <span class='ocrx_word' id='word_1_307' title='bbox 2296 1800 2411 1856; x_wconf 87' lang='lat' dir='ltr'><strong>(sic),</strong></span> <span class='ocrx_word' id='word_1_308' title='bbox 2444 1801 2485 1843; x_wconf 88' lang='lat' dir='ltr'><strong>in</strong></span> <span class='ocrx_word' id='word_1_309' title='bbox 2516 1800 2709 1844; x_wconf 83' lang='lat' dir='ltr'><strong>scholio:</strong></span> 
     </span>
     <span class='ocr_line' id='line_1_25' title="bbox 313 1865 2709 1930; baseline -0 -14"><span class='ocrx_word' id='word_1_310' title='bbox 313 1876 439 1916; x_wconf 71' lang='grc' dir='ltr'><strong><em>»κατ’</em></strong></span> <span class='ocrx_word' id='word_1_311' title='bbox 464 1866 638 1930; x_wconf 87' lang='grc' dir='ltr'><strong><em>ἄντησιν</em></strong></span> <span class='ocrx_word' id='word_1_312' title='bbox 664 1887 679 1915; x_wconf 90' lang='grc'><strong>.·</strong></span> <span class='ocrx_word' id='word_1_313' title='bbox 716 1865 921 1927; x_wconf 75' lang='grc' dir='ltr'><strong><em>α’ντικρός</em></strong></span> <span class='ocrx_word' id='word_1_314' title='bbox 955 1872 1035 1914; x_wconf 86' lang='grc' dir='ltr'><strong>τοῦ</strong></span> <span class='ocrx_word' id='word_1_315' title='bbox 1071 1865 1300 1925; x_wconf 73' lang='grc' dir='ltr'><strong><em>ἀνδρῶνος.</em></strong></span> <span class='ocrx_word' id='word_1_316' title='bbox 1337 1868 1381 1913; x_wconf 83' lang='grc' dir='ltr'><strong>ἐν</strong></span> <span class='ocrx_word' id='word_1_317' title='bbox 1413 1871 1468 1926; x_wconf 84' lang='grc' dir='ltr'><strong>τῇ</strong></span> <span class='ocrx_word' id='word_1_318' title='bbox 1504 1869 1882 1926; x_wconf 71' lang='grc' dir='ltr'><strong><em>γυναικωι’ίτηδι.α</em></strong></span> <span class='ocrx_word' id='word_1_319' title='bbox 1913 1869 2103 1921; x_wconf 80' lang='lat' dir='ltr'><strong>exhibet,</strong></span> <span class='ocrx_word' id='word_1_320' title='bbox 2152 1870 2276 1914; x_wconf 88' lang='lat' dir='ltr'><strong>etiam</strong></span> <span class='ocrx_word' id='word_1_321' title='bbox 2305 1872 2346 1913; x_wconf 91' lang='lat' dir='ltr'><strong>in</strong></span> <span class='ocrx_word' id='word_1_322' title='bbox 2377 1871 2468 1914; x_wconf 87' lang='lat' dir='ltr'><strong>aliis</strong></span> <span class='ocrx_word' id='word_1_323' title='bbox 2497 1871 2592 1915; x_wconf 87' lang='lat' dir='ltr'><strong>edd.</strong></span> <span class='ocrx_word' id='word_1_324' title='bbox 2622 1879 2709 1915; x_wconf 90' lang='lat' dir='ltr'><strong>ant.</strong></span> 
     </span>
     <span class='ocr_line' id='line_1_26' title="bbox 311 1934 2710 2001; baseline 0 -14"><span class='ocrx_word' id='word_1_325' title='bbox 311 1945 494 2001; x_wconf 87' lang='lat' dir='ltr'><strong>(Buttm.</strong></span> <span class='ocrx_word' id='word_1_326' title='bbox 524 1943 713 1987; x_wconf 86' lang='lat' dir='ltr'><strong>lemmati</strong></span> <span class='ocrx_word' id='word_1_327' title='bbox 742 1936 918 1998; x_wconf 85' lang='grc' dir='ltr'><strong><em>ἄντησιν</em></strong></span> <span class='ocrx_word' id='word_1_328' title='bbox 945 1942 1063 1985; x_wconf 87' lang='lat' dir='ltr'><strong>addit</strong></span> <span class='ocrx_word' id='word_1_329' title='bbox 1090 1958 1102 1983; x_wconf 76' lang='lat' dir='ltr'>c</span> <span class='ocrx_word' id='word_1_330' title='bbox 1133 1942 1193 1983; x_wconf 82' lang='lat' dir='ltr'><strong>sic</strong></span> <span class='ocrx_word' id='word_1_331' title='bbox 1224 1941 1290 1982; x_wconf 83' lang='lat' dir='ltr'><strong>ed.</strong></span> <span class='ocrx_word' id='word_1_332' title='bbox 1320 1950 1420 1988; x_wconf 76' lang='lat' dir='ltr'><strong>ant..</strong></span> <span class='ocrx_word' id='word_1_333' title='bbox 1450 1941 1646 1982; x_wconf 84' lang='lat' dir='ltr'><strong>Dindorf.</strong></span> <span class='ocrx_word' id='word_1_334' title='bbox 1677 1942 1796 1994; x_wconf 86' lang='lat' dir='ltr'><strong>nihil)</strong></span> <span class='ocrx_word' id='word_1_335' title='bbox 1825 1934 1999 1996; x_wconf 89' lang='grc' dir='ltr'><strong><em>ἄντησιν</em></strong></span> <span class='ocrx_word' id='word_1_336' title='bbox 2026 1942 2229 1998; x_wconf 85' lang='lat' dir='ltr'><strong>scriptum</strong></span> <span class='ocrx_word' id='word_1_337' title='bbox 2259 1950 2420 1994; x_wconf 86' lang='lat' dir='ltr'><strong>exstat,</strong></span> <span class='ocrx_word' id='word_1_338' title='bbox 2450 1958 2710 2001; x_wconf 84' lang='lat' dir='ltr'><strong>quamquam</strong></span> 
     </span>
     <span class='ocr_line' id='line_1_27' title="bbox 308 2007 2709 2074; baseline 0 -16"><span class='ocrx_word' id='word_1_339' title='bbox 308 2013 540 2058; x_wconf 86' lang='lat' dir='ltr'><strong>Barnesius</strong></span> <span class='ocrx_word' id='word_1_340' title='bbox 569 2013 725 2057; x_wconf 88' lang='lat' dir='ltr'><strong>lemma</strong></span> <span class='ocrx_word' id='word_1_341' title='bbox 752 2013 920 2070; x_wconf 85' lang='lat' dir='ltr'><strong>scripsit</strong></span> <span class='ocrx_word' id='word_1_342' title='bbox 948 2007 1314 2067; x_wconf 71' lang='grc' dir='ltr'><strong><em>»Κατα’ντηστινα.</em></strong></span> <span class='ocrx_word' id='word_1_343' title='bbox 1373 2012 1458 2053; x_wconf 88' lang='lat' dir='ltr'><strong>Sed</strong></span> <span class='ocrx_word' id='word_1_344' title='bbox 1498 2012 1584 2054; x_wconf 91' lang='lat' dir='ltr'><strong>duo</strong></span> <span class='ocrx_word' id='word_1_345' title='bbox 1625 2020 1841 2066; x_wconf 87' lang='lat' dir='ltr'><strong>auctores,</strong></span> <span class='ocrx_word' id='word_1_346' title='bbox 1882 2013 1933 2054; x_wconf 89' lang='lat' dir='ltr'><strong>E.</strong></span> <span class='ocrx_word' id='word_1_347' title='bbox 1964 2012 2025 2054; x_wconf 88' lang='lat' dir='ltr'><strong>M.</strong></span> <span class='ocrx_word' id='word_1_348' title='bbox 2054 2021 2097 2055; x_wconf 91' lang='lat' dir='ltr'><strong>et</strong></span> <span class='ocrx_word' id='word_1_349' title='bbox 2125 2013 2245 2056; x_wconf 88' lang='lat' dir='ltr'><strong>Eust.</strong></span> <span class='ocrx_word' id='word_1_350' title='bbox 2273 2015 2325 2056; x_wconf 88' lang='lat' dir='ltr'><strong>ad</strong></span> <span class='ocrx_word' id='word_1_351' title='bbox 2355 2014 2397 2056; x_wconf 90' lang='lat' dir='ltr'><strong>h.</strong></span> <span class='ocrx_word' id='word_1_352' title='bbox 2428 2014 2474 2065; x_wconf 89' lang='lat' dir='ltr'><strong>l.,</strong></span> <span class='ocrx_word' id='word_1_353' title='bbox 2521 2016 2592 2072; x_wconf 92' lang='lat' dir='ltr'><strong>qui</strong></span> <span class='ocrx_word' id='word_1_354' title='bbox 2628 2014 2709 2074; x_wconf 85' lang='lat' dir='ltr'><strong>ipsi</strong></span> 
     </span>
     <span class='ocr_line' id='line_1_28' title="bbox 306 2077 2708 2141; baseline 0 -11"><span class='ocrx_word' id='word_1_355' title='bbox 306 2100 460 2130; x_wconf 85' lang='lat' dir='ltr'><strong>vocem</strong></span> <span class='ocrx_word' id='word_1_356' title='bbox 487 2084 541 2128; x_wconf 88' lang='lat' dir='ltr'><strong>ab</strong></span> <span class='ocrx_word' id='word_1_357' title='bbox 571 2078 741 2139; x_wconf 80' lang='grc' dir='ltr'><strong><em>α’ντᾶω,</em></strong></span> <span class='ocrx_word' id='word_1_358' title='bbox 785 2077 960 2141; x_wconf 86' lang='grc' dir='ltr'><strong><em>ἄντησις</em></strong></span> <span class='ocrx_word' id='word_1_359' title='bbox 988 2083 1175 2135; x_wconf 90' lang='lat' dir='ltr'><strong>ducunt,</strong></span> <span class='ocrx_word' id='word_1_360' title='bbox 1225 2084 1378 2127; x_wconf 87' lang='lat' dir='ltr'><strong>diserte</strong></span> <span class='ocrx_word' id='word_1_361' title='bbox 1407 2084 1603 2137; x_wconf 87' lang='lat' dir='ltr'><strong>tradunt,</strong></span> <span class='ocrx_word' id='word_1_362' title='bbox 1647 2084 1718 2125; x_wconf 90' lang='lat' dir='ltr'><strong>ille</strong></span> <span class='ocrx_word' id='word_1_363' title='bbox 1747 2084 1910 2126; x_wconf 82' lang='lat' dir='ltr'><strong>literam</strong></span> <span class='ocrx_word' id='word_1_364' title='bbox 1937 2100 1984 2139; x_wconf 78' lang='grc' dir='ltr'><strong>τ,</strong></span> <span class='ocrx_word' id='word_1_365' title='bbox 2027 2085 2095 2127; x_wconf 85' lang='lat' dir='ltr'><strong>hic</strong></span> <span class='ocrx_word' id='word_1_366' title='bbox 2131 2085 2297 2128; x_wconf 81' lang='lat' dir='ltr'><strong>literam</strong></span> <span class='ocrx_word' id='word_1_367' title='bbox 2332 2098 2360 2129; x_wconf 90' lang='grc' dir='ltr'><strong><em>σ</em></strong></span> <span class='ocrx_word' id='word_1_368' title='bbox 2396 2086 2585 2129; x_wconf 82' lang='lat' dir='ltr'><strong>additam</strong></span> <span class='ocrx_word' id='word_1_369' title='bbox 2613 2101 2708 2131; x_wconf 90' lang='lat' dir='ltr'><strong>esse</strong></span> 
     </span>
     <span class='ocr_line' id='line_1_29' title="bbox 304 2155 2707 2217; baseline 0 -15"><span class='ocrx_word' id='word_1_370' title='bbox 304 2157 585 2212; x_wconf 78' lang='grc' dir='ltr'><strong><em>πλεονασμῷ.</em></strong></span> <span class='ocrx_word' id='word_1_371' title='bbox 644 2157 798 2213; x_wconf 87' lang='lat' dir='ltr'><strong>Itaque</strong></span> <span class='ocrx_word' id='word_1_372' title='bbox 828 2156 962 2199; x_wconf 86' lang='lat' dir='ltr'><strong>satius</strong></span> <span class='ocrx_word' id='word_1_373' title='bbox 992 2170 1086 2199; x_wconf 86' lang='lat' dir='ltr'><strong>esse</strong></span> <span class='ocrx_word' id='word_1_374' title='bbox 1115 2155 1225 2198; x_wconf 86' lang='lat' dir='ltr'><strong>duco</strong></span> <span class='ocrx_word' id='word_1_375' title='bbox 1255 2156 1298 2198; x_wconf 91' lang='lat' dir='ltr'><strong>in</strong></span> <span class='ocrx_word' id='word_1_376' title='bbox 1328 2155 1509 2198; x_wconf 85' lang='lat' dir='ltr'><strong>lectione</strong></span> <span class='ocrx_word' id='word_1_377' title='bbox 1538 2155 1727 2197; x_wconf 87' lang='lat' dir='ltr'><strong>omnium</strong></span> <span class='ocrx_word' id='word_1_378' title='bbox 1755 2155 2081 2198; x_wconf 86' lang='lat' dir='ltr'><strong>Homericorum</strong></span> <span class='ocrx_word' id='word_1_379' title='bbox 2110 2157 2314 2199; x_wconf 90' lang='lat' dir='ltr'><strong>librorum</strong></span> <span class='ocrx_word' id='word_1_380' title='bbox 2342 2167 2555 2213; x_wconf 89' lang='lat' dir='ltr'><strong>perstare,</strong></span> <span class='ocrx_word' id='word_1_381' title='bbox 2585 2173 2707 2217; x_wconf 85' lang='lat' dir='ltr'><strong>prae-</strong></span> 
     </span>
     <span class='ocr_line' id='line_1_30' title="bbox 305 2220 2707 2286; baseline 0.001 -15"><span class='ocrx_word' id='word_1_382' title='bbox 305 2230 450 2272; x_wconf 80' lang='lat' dir='ltr'><strong>sertim</strong></span> <span class='ocrx_word' id='word_1_383' title='bbox 487 2243 619 2286; x_wconf 91' lang='lat' dir='ltr'><strong>quum</strong></span> <span class='ocrx_word' id='word_1_384' title='bbox 656 2228 936 2271; x_wconf 85' lang='lat' dir='ltr'><strong>conformatio</strong></span> <span class='ocrx_word' id='word_1_385' title='bbox 980 2226 1095 2270; x_wconf 88' lang='lat' dir='ltr'><strong>vocis</strong></span> <span class='ocrx_word' id='word_1_386' title='bbox 1131 2220 1331 2284; x_wconf 88' lang='grc' dir='ltr'><strong><em>ἄντηστις</em></strong></span> <span class='ocrx_word' id='word_1_387' title='bbox 1368 2226 1524 2280; x_wconf 87' lang='lat' dir='ltr'><strong>rarior,</strong></span> <span class='ocrx_word' id='word_1_388' title='bbox 1573 2226 1707 2269; x_wconf 77' lang='lat' dir='ltr'><strong>altera</strong></span> <span class='ocrx_word' id='word_1_389' title='bbox 1743 2226 1957 2283; x_wconf 85' lang='lat' dir='ltr'><strong>vulgarior</strong></span> <span class='ocrx_word' id='word_1_390' title='bbox 1991 2230 2045 2270; x_wconf 90' lang='lat' dir='ltr'><strong>sit</strong></span> <span class='ocrx_word' id='word_1_391' title='bbox 2074 2236 2118 2272; x_wconf 93' lang='lat' dir='ltr'><strong>et</strong></span> <span class='ocrx_word' id='word_1_392' title='bbox 2147 2229 2201 2270; x_wconf 95' lang='lat' dir='ltr'><strong>ob</strong></span> <span class='ocrx_word' id='word_1_393' title='bbox 2231 2229 2341 2272; x_wconf 88' lang='lat' dir='ltr'><strong>hanc</strong></span> <span class='ocrx_word' id='word_1_394' title='bbox 2369 2229 2502 2286; x_wconf 85' lang='lat' dir='ltr'><strong>ipsam</strong></span> <span class='ocrx_word' id='word_1_395' title='bbox 2533 2245 2707 2274; x_wconf 90' lang='lat' dir='ltr'><strong>causam</strong></span> 
     </span>
     <span class='ocr_line' id='line_1_31' title="bbox 304 2294 2707 2357; baseline 0 -13"><span class='ocrx_word' id='word_1_396' title='bbox 304 2301 471 2344; x_wconf 80' lang='lat' dir='ltr'><strong>facilius</strong></span> <span class='ocrx_word' id='word_1_397' title='bbox 514 2295 714 2357; x_wconf 86' lang='grc' dir='ltr'><strong><em>ἄντηστις</em></strong></span> <span class='ocrx_word' id='word_1_398' title='bbox 756 2301 799 2343; x_wconf 93' lang='lat' dir='ltr'><strong>in</strong></span> <span class='ocrx_word' id='word_1_399' title='bbox 841 2294 1040 2356; x_wconf 86' lang='grc' dir='ltr'><strong><em>ἄντησις,</em></strong></span> <span class='ocrx_word' id='word_1_400' title='bbox 1085 2313 1212 2355; x_wconf 84' lang='lat' dir='ltr'><strong>quam</strong></span> <span class='ocrx_word' id='word_1_401' title='bbox 1252 2299 1333 2341; x_wconf 86' lang='lat' dir='ltr'><strong>hoc</strong></span> <span class='ocrx_word' id='word_1_402' title='bbox 1362 2299 1404 2341; x_wconf 90' lang='lat' dir='ltr'><strong>in</strong></span> <span class='ocrx_word' id='word_1_403' title='bbox 1433 2299 1538 2341; x_wconf 88' lang='lat' dir='ltr'><strong>illud</strong></span> <span class='ocrx_word' id='word_1_404' title='bbox 1568 2296 1723 2341; x_wconf 86' lang='lat' dir='ltr'><strong>mutari</strong></span> <span class='ocrx_word' id='word_1_405' title='bbox 1751 2300 1947 2354; x_wconf 88' lang='lat' dir='ltr'><strong>potuerit.</strong></span> <span class='ocrx_word' id='word_1_406' title='bbox 2005 2299 2158 2342; x_wconf 86' lang='lat' dir='ltr'><strong>Rarior</strong></span> <span class='ocrx_word' id='word_1_407' title='bbox 2186 2299 2322 2342; x_wconf 85' lang='lat' dir='ltr'><strong>forma</strong></span> <span class='ocrx_word' id='word_1_408' title='bbox 2350 2308 2492 2343; x_wconf 88' lang='lat' dir='ltr'><strong>autem</strong></span> <span class='ocrx_word' id='word_1_409' title='bbox 2522 2316 2547 2343; x_wconf 90' lang='lat' dir='ltr'><strong>a</strong></span> <span class='ocrx_word' id='word_1_410' title='bbox 2578 2304 2707 2344; x_wconf 90' lang='lat' dir='ltr'><strong>verbo</strong></span> 
     </span>
     <span class='ocr_line' id='line_1_32' title="bbox 305 2365 2708 2427; baseline 0 -12"><span class='ocrx_word' id='word_1_411' title='bbox 305 2365 455 2415; x_wconf 80' lang='grc' dir='ltr'><strong><em>α’ντᾶω</em></strong></span> <span class='ocrx_word' id='word_1_412' title='bbox 494 2372 689 2422; x_wconf 86' lang='lat' dir='ltr'><strong>ducitur,</strong></span> <span class='ocrx_word' id='word_1_413' title='bbox 728 2378 777 2413; x_wconf 91' lang='lat' dir='ltr'><strong>ut</strong></span> <span class='ocrx_word' id='word_1_414' title='bbox 805 2372 980 2426; x_wconf 74' lang='grc' dir='ltr'><strong><em>κνῆστις</em></strong></span> <span class='ocrx_word' id='word_1_415' title='bbox 1007 2369 1108 2425; x_wconf 90' lang='lat' dir='ltr'><strong>(XI,</strong></span> <span class='ocrx_word' id='word_1_416' title='bbox 1139 2373 1237 2423; x_wconf 81' lang='lat'>640)</span> <span class='ocrx_word' id='word_1_417' title='bbox 1267 2377 1435 2427; x_wconf 88' lang='lat' dir='ltr'><strong>praeter</strong></span> <span class='ocrx_word' id='word_1_418' title='bbox 1463 2383 1611 2412; x_wconf 87' lang='lat' dir='ltr'><strong>vocem</strong></span> <span class='ocrx_word' id='word_1_419' title='bbox 1643 2368 1775 2423; x_wconf 80' lang='lat' dir='ltr'><strong>magis</strong></span> <span class='ocrx_word' id='word_1_420' title='bbox 1803 2369 1942 2411; x_wconf 87' lang='lat' dir='ltr'><strong>tritam</strong></span> <span class='ocrx_word' id='word_1_421' title='bbox 1970 2370 2117 2426; x_wconf 83' lang='grc' dir='ltr'><strong><em>κνῆσις</em></strong></span> <span class='ocrx_word' id='word_1_422' title='bbox 2145 2386 2169 2412; x_wconf 91' lang='lat' dir='ltr'><strong>a</strong></span> <span class='ocrx_word' id='word_1_423' title='bbox 2197 2371 2328 2413; x_wconf 91' lang='lat' dir='ltr'><strong>verbo</strong></span> <span class='ocrx_word' id='word_1_424' title='bbox 2356 2366 2485 2414; x_wconf 80' lang='grc' dir='ltr'><strong><em>κνᾶω.</em></strong></span> <span class='ocrx_word' id='word_1_425' title='bbox 2541 2372 2599 2414; x_wconf 92' lang='lat' dir='ltr'><strong>Et</strong></span> <span class='ocrx_word' id='word_1_426' title='bbox 2626 2373 2708 2416; x_wconf 85' lang='lat' dir='ltr'><strong>hoe</strong></span> 
     </span>
     <span class='ocr_line' id='line_1_33' title="bbox 304 2435 2705 2501; baseline 0.001 -16"><span class='ocrx_word' id='word_1_427' title='bbox 304 2458 384 2501; x_wconf 86' lang='lat' dir='ltr'><strong>par</strong></span> <span class='ocrx_word' id='word_1_428' title='bbox 411 2444 629 2486; x_wconf 87' lang='lat' dir='ltr'><strong>nominum</strong></span> <span class='ocrx_word' id='word_1_429' title='bbox 659 2451 702 2486; x_wconf 90' lang='lat' dir='ltr'><strong>et</strong></span> <span class='ocrx_word' id='word_1_430' title='bbox 731 2442 834 2485; x_wconf 92' lang='lat' dir='ltr'><strong>illud</strong></span> <span class='ocrx_word' id='word_1_431' title='bbox 864 2435 1096 2500; x_wconf 86' lang='grc' dir='ltr'><strong><em>(ἄντηστις</em></strong></span> <span class='ocrx_word' id='word_1_432' title='bbox 1123 2450 1167 2484; x_wconf 88' lang='lat' dir='ltr'><strong>et</strong></span> <span class='ocrx_word' id='word_1_433' title='bbox 1196 2435 1399 2499; x_wconf 82' lang='grc' dir='ltr'><strong><em>ἄντησις)</em></strong></span> <span class='ocrx_word' id='word_1_434' title='bbox 1429 2447 1550 2484; x_wconf 85' lang='lat' dir='ltr'><strong>recte</strong></span> <span class='ocrx_word' id='word_1_435' title='bbox 1579 2439 1719 2485; x_wconf 84' lang='lat' dir='ltr'><strong>habet.</strong></span> <span class='ocrx_word' id='word_1_436' title='bbox 1777 2440 1864 2486; x_wconf 86' lang='lat' dir='ltr'><strong>Eae</strong></span> <span class='ocrx_word' id='word_1_437' title='bbox 1901 2441 2086 2494; x_wconf 88' lang='lat' dir='ltr'><strong>formae,</strong></span> <span class='ocrx_word' id='word_1_438' title='bbox 2128 2443 2170 2486; x_wconf 91' lang='lat' dir='ltr'><strong>in</strong></span> <span class='ocrx_word' id='word_1_439' title='bbox 2210 2443 2366 2500; x_wconf 91' lang='lat' dir='ltr'><strong>quibus</strong></span> <span class='ocrx_word' id='word_1_440' title='bbox 2405 2444 2562 2500; x_wconf 86' lang='lat' dir='ltr'><strong>duplex</strong></span> <span class='ocrx_word' id='word_1_441' title='bbox 2602 2460 2705 2488; x_wconf 91' lang='lat' dir='ltr'><strong>con-</strong></span> 
     </span>
     <span class='ocr_line' id='line_1_34' title="bbox 304 2508 2704 2573; baseline 0 -15"><span class='ocrx_word' id='word_1_442' title='bbox 304 2531 461 2558; x_wconf 80' lang='lat' dir='ltr'><strong>sonans</strong></span> <span class='ocrx_word' id='word_1_443' title='bbox 490 2516 653 2558; x_wconf 87' lang='lat' dir='ltr'><strong>literam</strong></span> <span class='ocrx_word' id='word_1_444' title='bbox 686 2517 726 2570; x_wconf 71' lang='grc' dir='ltr'><em>ἢ</em></span> <span class='ocrx_word' id='word_1_445' title='bbox 754 2516 971 2571; x_wconf 88' lang='lat' dir='ltr'><strong>sequitur,</strong></span> <span class='ocrx_word' id='word_1_446' title='bbox 998 2514 1136 2572; x_wconf 89' lang='lat' dir='ltr'><strong>primo</strong></span> <span class='ocrx_word' id='word_1_447' title='bbox 1168 2514 1353 2570; x_wconf 76' lang='grc' dir='ltr'><strong><em>κνῆ-τις,</em></strong></span> <span class='ocrx_word' id='word_1_448' title='bbox 1383 2508 1585 2571; x_wconf 87' lang='grc' dir='ltr'><strong><em>ἄντη-τις</em></strong></span> <span class='ocrx_word' id='word_1_449' title='bbox 1612 2512 1837 2566; x_wconf 85' lang='lat' dir='ltr'><strong>sonabant,</strong></span> <span class='ocrx_word' id='word_1_450' title='bbox 1866 2522 1916 2558; x_wconf 90' lang='lat' dir='ltr'><strong>ut</strong></span> <span class='ocrx_word' id='word_1_451' title='bbox 1942 2514 2124 2569; x_wconf 76' lang='grc' dir='ltr'><strong><em>μῆ-τις,</em></strong></span> <span class='ocrx_word' id='word_1_452' title='bbox 2154 2508 2392 2568; x_wconf 82' lang='grc' dir='ltr'><strong><em>ἄμπω-τις</em></strong></span> <span class='ocrx_word' id='word_1_453' title='bbox 2419 2515 2553 2573; x_wconf 88' lang='lat' dir='ltr'><strong>(apud</strong></span> <span class='ocrx_word' id='word_1_454' title='bbox 2580 2516 2704 2560; x_wconf 87' lang='lat' dir='ltr'><strong>Eust.</strong></span> 
     </span>
     <span class='ocr_line' id='line_1_35' title="bbox 306 2581 2705 2643; baseline 0.001 -14"><span class='ocrx_word' id='word_1_455' title='bbox 306 2590 430 2637; x_wconf 85' lang='lat'><strong>1716,</strong></span> <span class='ocrx_word' id='word_1_456' title='bbox 459 2590 514 2629; x_wconf 88' lang='grc'><strong>36</strong></span> <span class='ocrx_word' id='word_1_457' title='bbox 542 2581 810 2642; x_wconf 82' lang='grc' dir='ltr'><strong><em>ἄμπω-σις)</em></strong></span> <span class='ocrx_word' id='word_1_458' title='bbox 840 2594 884 2627; x_wconf 92' lang='lat' dir='ltr'><strong>et</strong></span> <span class='ocrx_word' id='word_1_459' title='bbox 911 2585 1162 2627; x_wconf 83' lang='lat' dir='ltr'><strong>Latinorum</strong></span> <span class='ocrx_word' id='word_1_460' title='bbox 1190 2588 1429 2637; x_wconf 86' lang='lat' dir='ltr'><strong>semen-tis,</strong></span> <span class='ocrx_word' id='word_1_461' title='bbox 1461 2586 1531 2628; x_wconf 87' lang='lat' dir='ltr'><strong>all.</strong></span> <span class='ocrx_word' id='word_1_462' title='bbox 1587 2583 1684 2626; x_wconf 89' lang='lat' dir='ltr'><strong>Jam</strong></span> <span class='ocrx_word' id='word_1_463' title='bbox 1715 2594 1786 2627; x_wconf 90' lang='lat' dir='ltr'><strong>aut</strong></span> <span class='ocrx_word' id='word_1_464' title='bbox 1815 2587 1970 2629; x_wconf 84' lang='lat' dir='ltr'><strong>vocalis</strong></span> <span class='ocrx_word' id='word_1_465' title='bbox 1999 2588 2107 2637; x_wconf 89' lang='lat' dir='ltr'><strong>iota,</strong></span> <span class='ocrx_word' id='word_1_466' title='bbox 2148 2601 2261 2642; x_wconf 89' lang='lat' dir='ltr'><strong>quae</strong></span> <span class='ocrx_word' id='word_1_467' title='bbox 2297 2586 2511 2643; x_wconf 89' lang='lat' dir='ltr'><strong>sequitur,</strong></span> <span class='ocrx_word' id='word_1_468' title='bbox 2554 2587 2705 2640; x_wconf 82' lang='lat' dir='ltr'><strong>effecit,</strong></span> 
     </span>
     <span class='ocr_line' id='line_1_36' title="bbox 303 2655 2707 2715; baseline 0 -14"><span class='ocrx_word' id='word_1_469' title='bbox 303 2666 354 2701; x_wconf 86' lang='lat' dir='ltr'><strong>ut</strong></span> <span class='ocrx_word' id='word_1_470' title='bbox 380 2660 520 2702; x_wconf 87' lang='lat' dir='ltr'><strong>tenuis</strong></span> <span class='ocrx_word' id='word_1_471' title='bbox 548 2659 590 2700; x_wconf 89' lang='lat' dir='ltr'><strong>in</strong></span> <span class='ocrx_word' id='word_1_472' title='bbox 619 2658 855 2699; x_wconf 87' lang='lat' dir='ltr'><strong>sibilantem</strong></span> <span class='ocrx_word' id='word_1_473' title='bbox 882 2658 929 2698; x_wconf 76' lang='grc' dir='ltr'><strong>ῖῐ</strong></span> <span class='ocrx_word' id='word_1_474' title='bbox 956 2656 1192 2708; x_wconf 84' lang='lat' dir='ltr'><strong>desideret,</strong></span> <span class='ocrx_word' id='word_1_475' title='bbox 1221 2665 1295 2700; x_wconf 88' lang='lat' dir='ltr'><strong>aut</strong></span> <span class='ocrx_word' id='word_1_476' title='bbox 1324 2657 1459 2713; x_wconf 85' lang='lat' dir='ltr'><strong>sigma</strong></span> <span class='ocrx_word' id='word_1_477' title='bbox 1488 2655 1674 2699; x_wconf 88' lang='lat' dir='ltr'><strong>cliticum</strong></span> <span class='ocrx_word' id='word_1_478' title='bbox 1703 2655 1855 2713; x_wconf 88' lang='lat' dir='ltr'><strong>(cujus</strong></span> <span class='ocrx_word' id='word_1_479' title='bbox 1885 2658 2079 2715; x_wconf 86' lang='lat' dir='ltr'><strong>exempla</strong></span> <span class='ocrx_word' id='word_1_480' title='bbox 2111 2673 2148 2700; x_wconf 86' lang='lat' dir='ltr'><strong>v.</strong></span> <span class='ocrx_word' id='word_1_481' title='bbox 2178 2658 2292 2715; x_wconf 86' lang='lat' dir='ltr'><strong>apud</strong></span> <span class='ocrx_word' id='word_1_482' title='bbox 2322 2657 2506 2701; x_wconf 83' lang='lat' dir='ltr'><strong>Lobeck·.</strong></span> <span class='ocrx_word' id='word_1_483' title='bbox 2536 2658 2707 2705; x_wconf 76' lang='lat' dir='ltr'><strong>Pathol.</strong></span> 
     </span>
     <span class='ocr_line' id='line_1_37' title="bbox 303 2728 2708 2786; baseline -0 -14"><span class='ocrx_word' id='word_1_484' title='bbox 303 2730 466 2786; x_wconf 86' lang='lat' dir='ltr'><strong>proleg.</strong></span> <span class='ocrx_word' id='word_1_485' title='bbox 496 2745 537 2785; x_wconf 92' lang='lat' dir='ltr'><strong>p.</strong></span> <span class='ocrx_word' id='word_1_486' title='bbox 565 2731 647 2772; x_wconf 89' lang='grc'><strong>398</strong></span> <span class='ocrx_word' id='word_1_487' title='bbox 675 2728 789 2786; x_wconf 84' lang='lat' dir='ltr'><strong>sqq.)</strong></span> <span class='ocrx_word' id='word_1_488' title='bbox 818 2736 1004 2770; x_wconf 89' lang='lat' dir='ltr'><strong>tutatum</strong></span> <span class='ocrx_word' id='word_1_489' title='bbox 1034 2735 1099 2770; x_wconf 88' lang='lat' dir='ltr'><strong>est</strong></span> <span class='ocrx_word' id='word_1_490' title='bbox 1129 2736 1380 2782; x_wconf 86' lang='lat' dir='ltr'><strong>sequentem</strong></span> <span class='ocrx_word' id='word_1_491' title='bbox 1411 2734 1716 2770; x_wconf 84' lang='lat' dir='ltr'><strong>consonantem</strong></span> <span class='ocrx_word' id='word_1_492' title='bbox 1743 2729 1795 2781; x_wconf 72' lang='grc' dir='ltr'><strong>ἶ,</strong></span> <span class='ocrx_word' id='word_1_493' title='bbox 1826 2728 1879 2771; x_wconf 86' lang='lat' dir='ltr'><strong>cf.</strong></span> <span class='ocrx_word' id='word_1_494' title='bbox 1909 2729 2047 2785; x_wconf 83' lang='lat' dir='ltr'><strong>Bopp,</strong></span> <span class='ocrx_word' id='word_1_495' title='bbox 2089 2729 2220 2785; x_wconf 56' lang='lat' dir='ltr'><strong>Ver-91⁴.</strong></span> <span class='ocrx_word' id='word_1_496' title='bbox 2239 2729 2708 2785; x_wconf 72' lang='lat' dir='ltr'><strong>Accentuatzbnaayaeem</strong></span> 
     </span>
     <span class='ocr_line' id='line_1_38' title="bbox 303 2797 2706 2855; baseline 0 -12"><span class='ocrx_word' id='word_1_497' title='bbox 303 2802 376 2843; x_wconf 73' lang='lat' dir='ltr'><strong>des</strong></span> <span class='ocrx_word' id='word_1_498' title='bbox 405 2799 578 2843; x_wconf 73' lang='lat' dir='ltr'><strong>semler.</strong></span> <span class='ocrx_word' id='word_1_499' title='bbox 606 2816 648 2842; x_wconf 73' lang='grc' dir='ltr'><strong>υ.</strong></span> <span class='ocrx_word' id='word_1_500' title='bbox 680 2799 847 2842; x_wconf 72' lang='lat' dir='ltr'><strong>Grt’ecli.</strong></span> <span class='ocrx_word' id='word_1_501' title='bbox 880 2798 922 2841; x_wconf 78' lang='lat' dir='ltr'><strong>S.</strong></span> <span class='ocrx_word' id='word_1_502' title='bbox 958 2800 1061 2840; x_wconf 84' lang='lat'><strong><em>135.</em></strong></span> <span class='ocrx_word' id='word_1_503' title='bbox 1094 2800 1182 2840; x_wconf 88' lang='grc'><strong>136</strong></span> <span class='ocrx_word' id='word_1_504' title='bbox 1210 2806 1253 2841; x_wconf 91' lang='lat' dir='ltr'><strong>et</strong></span> <span class='ocrx_word' id='word_1_505' title='bbox 1284 2798 1479 2849; x_wconf 81' lang='lat' dir='ltr'><strong>Gorssen,</strong></span> <span class='ocrx_word' id='word_1_506' title='bbox 1511 2797 1629 2840; x_wconf 79' lang='lat' dir='ltr'><strong>Jahn</strong></span> <span class='ocrx_word' id='word_1_507' title='bbox 1657 2798 1713 2839; x_wconf 90' lang='lat' dir='ltr'><strong>N.</strong></span> <span class='ocrx_word' id='word_1_508' title='bbox 1743 2798 1915 2842; x_wconf 67' lang='lat' dir='ltr'><strong>Jahrbb.</strong></span> <span class='ocrx_word' id='word_1_509' title='bbox 1942 2800 1982 2855; x_wconf 84' lang='lat' dir='ltr'><strong>f.</strong></span> <span class='ocrx_word' id='word_1_510' title='bbox 2013 2800 2127 2843; x_wconf 75' lang='lat' dir='ltr'><strong>Phil.</strong></span> <span class='ocrx_word' id='word_1_511' title='bbox 2156 2816 2195 2843; x_wconf 82' lang='grc' dir='ltr'><strong>ιι.</strong></span> <span class='ocrx_word' id='word_1_512' title='bbox 2223 2816 2254 2843; x_wconf 80' lang='lat' dir='ltr'><strong>s.</strong></span> <span class='ocrx_word' id='word_1_513' title='bbox 2283 2816 2336 2843; x_wconf 86' lang='lat' dir='ltr'><strong>w.</strong></span> <span class='ocrx_word' id='word_1_514' title='bbox 2362 2800 2450 2843; x_wconf 86' lang='lat' dir='ltr'><strong>Bd.</strong></span> <span class='ocrx_word' id='word_1_515' title='bbox 2479 2800 2706 2853; x_wconf 85' lang='lat' dir='ltr'><strong><em>LXVIII,</em></strong></span> 
     </span>
     <span class='ocr_line' id='line_1_39' title="bbox 303 2862 2707 2929; baseline 0 -14"><span class='ocrx_word' id='word_1_516' title='bbox 303 2871 417 2928; x_wconf 75' lang='lat' dir='ltr'><strong>Heft</strong></span> <span class='ocrx_word' id='word_1_517' title='bbox 442 2875 485 2922; x_wconf 88' lang='lat'><strong>5,</strong></span> <span class='ocrx_word' id='word_1_518' title='bbox 516 2870 562 2915; x_wconf 82' lang='lat' dir='ltr'><strong>S.</strong></span> <span class='ocrx_word' id='word_1_519' title='bbox 591 2872 696 2915; x_wconf 72' lang='lat'><strong><em>469.</em></strong></span> <span class='ocrx_word' id='word_1_520' title='bbox 724 2896 779 2904; x_wconf 95' lang='lat'>—</span> <span class='ocrx_word' id='word_1_521' title='bbox 808 2871 966 2915; x_wconf 87' lang='lat' dir='ltr'><strong>Utrum</strong></span> <span class='ocrx_word' id='word_1_522' title='bbox 994 2869 1088 2914; x_wconf 86' lang='grc' dir='ltr'><strong><em>κατ’</em></strong></span> <span class='ocrx_word' id='word_1_523' title='bbox 1108 2863 1313 2926; x_wconf 76' lang='grc' dir='ltr'><strong><em>’ἄντηστιν</em></strong></span> <span class='ocrx_word' id='word_1_524' title='bbox 1340 2870 1428 2915; x_wconf 87' lang='lat' dir='ltr'><strong>sive</strong></span> <span class='ocrx_word' id='word_1_525' title='bbox 1455 2862 1738 2926; x_wconf 85' lang='grc' dir='ltr'><strong><em>κατᾶντηστιν</em></strong></span> <span class='ocrx_word' id='word_1_526' title='bbox 1764 2871 1941 2922; x_wconf 89' lang='lat' dir='ltr'><strong>scribas,</strong></span> <span class='ocrx_word' id='word_1_527' title='bbox 1979 2872 2032 2915; x_wconf 85' lang='lat' dir='ltr'><strong>ad</strong></span> <span class='ocrx_word' id='word_1_528' title='bbox 2063 2887 2176 2923; x_wconf 88' lang='lat' dir='ltr'><strong>rem,</strong></span> <span class='ocrx_word' id='word_1_529' title='bbox 2207 2871 2258 2915; x_wconf 94' lang='lat' dir='ltr'><strong>de</strong></span> <span class='ocrx_word' id='word_1_530' title='bbox 2288 2888 2373 2929; x_wconf 87' lang='lat' dir='ltr'><strong>qua</strong></span> <span class='ocrx_word' id='word_1_531' title='bbox 2401 2873 2590 2927; x_wconf 78' lang='lat' dir='ltr'><strong>agimus,</strong></span> <span class='ocrx_word' id='word_1_532' title='bbox 2620 2886 2707 2915; x_wconf 88' lang='lat' dir='ltr'><strong>non</strong></span> 
     </span>
     <span class='ocr_line' id='line_1_40' title="bbox 302 2941 2708 3000; baseline -0 -13"><span class='ocrx_word' id='word_1_533' title='bbox 302 2943 447 3000; x_wconf 86' lang='lat' dir='ltr'><strong>magni</strong></span> <span class='ocrx_word' id='word_1_534' title='bbox 474 2943 629 2994; x_wconf 83' lang='lat' dir='ltr'><strong>refert,</strong></span> <span class='ocrx_word' id='word_1_535' title='bbox 671 2952 815 2986; x_wconf 89' lang='lat' dir='ltr'><strong>tamen</strong></span> <span class='ocrx_word' id='word_1_536' title='bbox 853 2943 959 2986; x_wconf 90' lang='lat' dir='ltr'><strong>illud</strong></span> <span class='ocrx_word' id='word_1_537' title='bbox 998 2942 1206 2998; x_wconf 86' lang='lat' dir='ltr'><strong>originem</strong></span> <span class='ocrx_word' id='word_1_538' title='bbox 1244 2941 1432 2985; x_wconf 87' lang='lat' dir='ltr'><strong>adverbii</strong></span> <span class='ocrx_word' id='word_1_539' title='bbox 1469 2941 1607 2996; x_wconf 85' lang='lat' dir='ltr'><strong>magis</strong></span> <span class='ocrx_word' id='word_1_540' title='bbox 1645 2941 1828 2983; x_wconf 89' lang='lat' dir='ltr'><strong>declarat</strong></span> <span class='ocrx_word' id='word_1_541' title='bbox 1863 2957 2002 2998; x_wconf 86' lang='lat' dir='ltr'><strong>neque</strong></span> <span class='ocrx_word' id='word_1_542' title='bbox 2040 2942 2245 2985; x_wconf 89' lang='lat' dir='ltr'><strong>similibus</strong></span> <span class='ocrx_word' id='word_1_543' title='bbox 2273 2943 2500 2999; x_wconf 86' lang='lat' dir='ltr'><strong>exemplis,</strong></span> <span class='ocrx_word' id='word_1_544' title='bbox 2541 2951 2591 2985; x_wconf 91' lang='lat' dir='ltr'><strong>ut</strong></span> <span class='ocrx_word' id='word_1_545' title='bbox 2616 2945 2708 2986; x_wconf 83' lang='grc' dir='ltr'><strong><em>κατ’</em></strong></span> 
     </span>
     <span class='ocr_line' id='line_1_41' title="bbox 303 3006 2707 3071; baseline -0.001 -14"><span class='ocrx_word' id='word_1_546' title='bbox 303 3012 495 3057; x_wconf 82' lang='grc' dir='ltr'><strong><em>ἐναντίον</em></strong></span> <span class='ocrx_word' id='word_1_547' title='bbox 522 3013 647 3071; x_wconf 89' lang='lat' dir='ltr'><strong>plane</strong></span> <span class='ocrx_word' id='word_1_548' title='bbox 677 3022 808 3057; x_wconf 82' lang='lat' dir='ltr'><strong>caret.</strong></span> <span class='ocrx_word' id='word_1_549' title='bbox 836 3013 978 3067; x_wconf 84' lang='lat' dir='ltr'><strong>Quem</strong></span> <span class='ocrx_word' id='word_1_550' title='bbox 1005 3028 1105 3057; x_wconf 86' lang='lat' dir='ltr'><strong>vero</strong></span> <span class='ocrx_word' id='word_1_551' title='bbox 1134 3013 1303 3055; x_wconf 88' lang='lat' dir='ltr'><strong>aedium</strong></span> <span class='ocrx_word' id='word_1_552' title='bbox 1330 3013 1472 3054; x_wconf 89' lang='lat' dir='ltr'><strong>locum</strong></span> <span class='ocrx_word' id='word_1_553' title='bbox 1501 3011 1630 3053; x_wconf 88' lang='lat' dir='ltr'><strong>verba</strong></span> <span class='ocrx_word' id='word_1_554' title='bbox 1659 3010 1750 3052; x_wconf 86' lang='grc' dir='ltr'><strong><em>κατ’</em></strong></span> <span class='ocrx_word' id='word_1_555' title='bbox 1779 3006 1979 3068; x_wconf 88' lang='grc' dir='ltr'><strong><em>ἄντηστιν</em></strong></span> <span class='ocrx_word' id='word_1_556' title='bbox 2006 3028 2134 3055; x_wconf 85' lang='lat' dir='ltr'><strong>versu</strong></span> <span class='ocrx_word' id='word_1_557' title='bbox 2163 3013 2233 3055; x_wconf 92' lang='lat' dir='ltr'><strong>illo</strong></span> <span class='ocrx_word' id='word_1_558' title='bbox 2261 3012 2356 3055; x_wconf 92' lang='lat' dir='ltr'><strong>libri</strong></span> <span class='ocrx_word' id='word_1_559' title='bbox 2385 3014 2480 3054; x_wconf 83' lang='lat'>20¹¹¹¹</span> <span class='ocrx_word' id='word_1_560' title='bbox 2511 3013 2707 3065; x_wconf 87' lang='lat' dir='ltr'><strong>indicent,</strong></span> 
     </span>
     <span class='ocr_line' id='line_1_42' title="bbox 302 3083 2707 3141; baseline 0 -15"><span class='ocrx_word' id='word_1_561' title='bbox 302 3099 356 3127; x_wconf 84' lang='lat' dir='ltr'><strong>ex</strong></span> <span class='ocrx_word' id='word_1_562' title='bbox 381 3083 686 3139; x_wconf 84' lang='lat' dir='ltr'><strong>significatione</strong></span> <span class='ocrx_word' id='word_1_563' title='bbox 716 3084 977 3141; x_wconf 83' lang='lat' dir='ltr'><strong>primigenia,</strong></span> <span class='ocrx_word' id='word_1_564' title='bbox 1006 3084 1175 3141; x_wconf 90' lang='lat' dir='ltr'><strong>qualem</strong></span> <span class='ocrx_word' id='word_1_565' title='bbox 1205 3098 1335 3139; x_wconf 88' lang='lat' dir='ltr'><strong>supra</strong></span> <span class='ocrx_word' id='word_1_566' title='bbox 1363 3083 1674 3131; x_wconf 87' lang='lat' dir='ltr'><strong>constituimus,</strong></span> <span class='ocrx_word' id='word_1_567' title='bbox 1703 3083 1870 3126; x_wconf 90' lang='lat' dir='ltr'><strong>omnino</strong></span> <span class='ocrx_word' id='word_1_568' title='bbox 1900 3083 2059 3127; x_wconf 84' lang='lat' dir='ltr'><strong>definiri</strong></span> <span class='ocrx_word' id='word_1_569' title='bbox 2088 3099 2172 3126; x_wconf 93' lang='lat' dir='ltr'><strong>non</strong></span> <span class='ocrx_word' id='word_1_570' title='bbox 2201 3092 2354 3141; x_wconf 88' lang='lat' dir='ltr'><strong>potest.</strong></span> <span class='ocrx_word' id='word_1_571' title='bbox 2396 3083 2548 3127; x_wconf 86' lang='lat' dir='ltr'><strong>Fidem</strong></span> <span class='ocrx_word' id='word_1_572' title='bbox 2577 3085 2707 3141; x_wconf 88' lang='lat' dir='ltr'><strong>igitur</strong></span> 
     </span>
     <span class='ocr_line' id='line_1_43' title="bbox 303 3146 2706 3213; baseline 0.001 -16"><span class='ocrx_word' id='word_1_573' title='bbox 303 3154 537 3198; x_wconf 85' lang='lat' dir='ltr'><strong>habeamus</strong></span> <span class='ocrx_word' id='word_1_574' title='bbox 566 3154 729 3198; x_wconf 89' lang='lat' dir='ltr'><strong>scholio</strong></span> <span class='ocrx_word' id='word_1_575' title='bbox 757 3153 960 3208; x_wconf 77' lang='lat' dir='ltr'><strong>Vulgato,</strong></span> <span class='ocrx_word' id='word_1_576' title='bbox 991 3156 1106 3212; x_wconf 91' lang='lat' dir='ltr'><strong>quod</strong></span> <span class='ocrx_word' id='word_1_577' title='bbox 1135 3153 1258 3196; x_wconf 89' lang='lat' dir='ltr'><strong>nobis</strong></span> <span class='ocrx_word' id='word_1_578' title='bbox 1287 3155 1414 3197; x_wconf 87' lang='lat' dir='ltr'><strong>tradit</strong></span> <span class='ocrx_word' id='word_1_579' title='bbox 1441 3170 1452 3196; x_wconf 72' lang='lat' dir='ltr'>z</span> <span class='ocrx_word' id='word_1_580' title='bbox 1492 3146 1695 3210; x_wconf 63' lang='grc' dir='ltr'><strong><em>α’ντικριῖς</em></strong></span> <span class='ocrx_word' id='word_1_581' title='bbox 1719 3155 1799 3196; x_wconf 86' lang='grc' dir='ltr'><strong>τοῦ</strong></span> <span class='ocrx_word' id='word_1_582' title='bbox 1827 3148 2050 3211; x_wconf 72' lang='grc' dir='ltr'><strong><em>ἀνδρῶνος</em></strong></span> <span class='ocrx_word' id='word_1_583' title='bbox 2083 3152 2136 3198; x_wconf 80' lang='grc' dir='ltr'><strong>ἐν</strong></span> <span class='ocrx_word' id='word_1_584' title='bbox 2171 3154 2234 3213; x_wconf 86' lang='grc' dir='ltr'><strong>τῇ</strong></span> <span class='ocrx_word' id='word_1_585' title='bbox 2267 3154 2706 3211; x_wconf 78' lang='grc' dir='ltr'><strong><em>γυναικωνίτιδι.</em></strong></span> 
     </span>
     <span class='ocr_line' id='line_1_44' title="bbox 302 3225 2707 3285; baseline 0.001 -16"><span class='ocrx_word' id='word_1_586' title='bbox 302 3225 379 3270; x_wconf 91' lang='lat' dir='ltr'><strong>Ad</strong></span> <span class='ocrx_word' id='word_1_587' title='bbox 408 3226 490 3270; x_wconf 80' lang='lat' dir='ltr'><strong>hoo</strong></span> <span class='ocrx_word' id='word_1_588' title='bbox 516 3242 556 3270; x_wconf 83' lang='lat' dir='ltr'><strong>v.</strong></span> <span class='ocrx_word' id='word_1_589' title='bbox 584 3228 667 3270; x_wconf 84' lang='lat'><strong>389</strong></span> <span class='ocrx_word' id='word_1_590' title='bbox 697 3240 950 3270; x_wconf 71' lang='lat' dir='ltr'><strong>»sermones</strong></span> <span class='ocrx_word' id='word_1_591' title='bbox 977 3226 1186 3283; x_wconf 86' lang='lat' dir='ltr'><strong>cujusque</strong></span> <span class='ocrx_word' id='word_1_592' title='bbox 1215 3225 1257 3268; x_wconf 90' lang='lat' dir='ltr'><strong>in</strong></span> <span class='ocrx_word' id='word_1_593' title='bbox 1286 3226 1522 3269; x_wconf 88' lang='lat' dir='ltr'><strong>virorum</strong></span> <span class='ocrx_word' id='word_1_594' title='bbox 1552 3239 1683 3268; x_wconf 89' lang='lat' dir='ltr'><strong>oeco</strong></span> <span class='ocrx_word' id='word_1_595' title='bbox 1711 3226 1893 3268; x_wconf 71' lang='lat' dir='ltr'><strong>audivit«</strong></span> <span class='ocrx_word' id='word_1_596' title='bbox 1925 3226 2148 3269; x_wconf 86' lang='lat' dir='ltr'><strong>verisimile</strong></span> <span class='ocrx_word' id='word_1_597' title='bbox 2176 3225 2318 3269; x_wconf 87' lang='lat' dir='ltr'><strong>reddit</strong></span> <span class='ocrx_word' id='word_1_598' title='bbox 2345 3226 2591 3285; x_wconf 90' lang='lat' dir='ltr'><strong>Penelopen</strong></span> <span class='ocrx_word' id='word_1_599' title='bbox 2621 3242 2707 3272; x_wconf 88' lang='lat' dir='ltr'><strong>non</strong></span> 
     </span>
     <span class='ocr_line' id='line_1_45' title="bbox 302 3296 2707 3355; baseline 0.001 -13"><span class='ocrx_word' id='word_1_600' title='bbox 302 3299 344 3342; x_wconf 91' lang='lat' dir='ltr'><strong>in</strong></span> <span class='ocrx_word' id='word_1_601' title='bbox 381 3297 511 3355; x_wconf 86' lang='lat' dir='ltr'><strong>ipsius</strong></span> <span class='ocrx_word' id='word_1_602' title='bbox 546 3297 641 3342; x_wconf 91' lang='lat' dir='ltr'><strong>oeci</strong></span> <span class='ocrx_word' id='word_1_603' title='bbox 683 3298 779 3342; x_wconf 92' lang='lat' dir='ltr'><strong>loco</strong></span> <span class='ocrx_word' id='word_1_604' title='bbox 816 3297 1024 3355; x_wconf 87' lang='lat' dir='ltr'><strong>quodam,</strong></span> <span class='ocrx_word' id='word_1_605' title='bbox 1060 3297 1139 3341; x_wconf 88' lang='lat' dir='ltr'><strong>sed</strong></span> <span class='ocrx_word' id='word_1_606' title='bbox 1166 3297 1209 3340; x_wconf 88' lang='lat' dir='ltr'><strong>in</strong></span> <span class='ocrx_word' id='word_1_607' title='bbox 1237 3296 1374 3342; x_wconf 84' lang='lat' dir='ltr'><strong>vicina</strong></span> <span class='ocrx_word' id='word_1_608' title='bbox 1399 3297 1568 3342; x_wconf 86' lang='lat' dir='ltr'><strong>aedium</strong></span> <span class='ocrx_word' id='word_1_609' title='bbox 1598 3305 1716 3353; x_wconf 88' lang='lat' dir='ltr'><strong>parte</strong></span> <span class='ocrx_word' id='word_1_610' title='bbox 1746 3299 1916 3342; x_wconf 87' lang='lat' dir='ltr'><strong>sedisse.</strong></span> <span class='ocrx_word' id='word_1_611' title='bbox 1975 3298 2161 3342; x_wconf 87' lang='lat' dir='ltr'><strong>Maxime</strong></span> <span class='ocrx_word' id='word_1_612' title='bbox 2189 3300 2533 3343; x_wconf 85' lang='lat' dir='ltr'><strong>accommodatus</strong></span> <span class='ocrx_word' id='word_1_613' title='bbox 2561 3307 2707 3344; x_wconf 89' lang='lat' dir='ltr'><strong>autem</strong></span> 
     </span>
    </p>
   </div>
  </div>
 </body>
</html>
