2955 3681
1462 107 1525 153 52

294 262 575 313 sequuntur·
607 253 723 299 »Sed
749 254 872 299 factis
900 252 1128 311 granariis,
1167 265 1340 296 amurca
1376 251 1468 295 luto
1495 252 1620 295 mista
1647 252 1830 312 parietes
1859 254 2079 299 linuntur«
2120 269 2218 300 cum
2257 252 2482 315 vuapcp'otc
2521 254 2684 314 διαλη-

291 324 518 381 amphus
543 324 588 370 ἐν
614 318 801 382 ᾰμὸργφ
829 337 957 383 supra
984 339 1028 384 p.
1056 326 1127 376 45,
1157 338 1197 367 v.
1225 326 1291 368 27.
2680 367 2683 370 .

431 399 521 449 At,
556 397 599 440 ni
627 397 770 447 fallor,
810 395 938 440 etiam
974 396 1069 438 leve
1108 395 1332 450 vestigium
1369 393 1556 449 ejusdem
1596 395 1909 451 significationis
1946 396 2281 456 deprehenditur
2318 399 2361 442 in
2400 413 2505 442 voce
2530 397 2685 456 ρωγιὸν

292 467 514 512 simillima.
581 467 642 511 Ut
680 468 794 510 enim
832 474 999 510 constat
1037 480 1152 517 »τας
1188 464 1335 523 ῥῶγας
1376 465 1445 508 vel
1473 457 1610 524 ῥᾰγας
1636 465 1844 524 (parag->a
1873 487 1930 506 =
1963 483 2070 512 uvas
2110 468 2326 513 neoterica
2360 469 2496 514 forma
2532 484 2682 514 sonare

291 532 461 596 ρόγας
489 539 544 581 cf.
564 539 668 581 Lob.
691 539 744 581 ad
765 538 927 594 Phryn.
958 553 1000 595 p.
1021 540 1074 580 76
1094 545 1135 580 et
1163 544 1214 579 ut
1242 532 1267 592 ἦ
1290 530 1402 595 ῥιόξ
1430 538 1635 593 „aranea“
1667 547 1842 581 auctore
1862 539 2061 583 Achmet.
2081 538 2304 583 Oneirocr.
2334 555 2370 583 c.
2399 543 2480 583 285
2508 543 2568 598 (p.
2588 543 2682 592 262,

295 614 381 667 15),
410 626 451 655 ν.
481 610 584 654 Hes.
615 610 684 654 ed.
714 609 877 654 Albert.
907 609 964 660 11,
999 612 1102 652 1118
1131 624 1172 652 n.
1203 611 1255 651 25
1285 617 1328 652 et
1355 609 1475 653 Hase
1505 609 1602 653 add.
1628 611 1693 653 ad.
1724 609 1780 652 H.
1812 608 1962 667 Steph.
1992 610 2060 654 ed.
2088 610 2184 655 Par.
2212 610 2254 653 in
2286 627 2325 654 v.
2353 603 2469 670 ραἶξ,
2498 614 2683 672 explica·

292 694 363 727 tur
388 677 484 740 ἤτοι
511 680 538 739 ἡ
567 681 771 739 λεγομένη
797 677 947 740 ρόγα,
984 681 1042 725 sic
1081 681 1315 725 masculina
1353 681 1489 725 forma
1516 681 1708 738 ejusdem
1741 682 1853 725 vocis
1883 696 1907 725 e
1935 684 2150 726 neoterico
2179 698 2260 726 usu
2289 683 2359 726 vix
2388 684 2509 728 aliter
2535 700 2682 729 sonare

292 756 433 813 potuit
472 763 604 813 atque
640 747 796 810 ρόγος,
831 754 945 810 plur.
973 746 1109 808 ῥόγοι.
1167 753 1304 810 Atqui
1334 753 1414 796 hoc
1443 754 1583 810 ipsum
1614 754 1893 804 vocabulum,
1928 755 2020 797 solo
2049 764 2229 799 accentu
2257 764 2445 806 mutato,
2483 759 2681 813 scriptum

291 833 433 871 exstat
462 827 576 884 apud
606 825 872 881 Hesychium
902 824 958 876 11,
993 827 1099 867 1118
1129 824 1195 867 ed.
1227 824 1340 874 Alb„
1370 824 1441 868 ubi
1470 824 1670 868 dicuntur
1695 822 1838 882 Ῥογοί.
1868 819 1967 883 ὅροι
1996 828 2175 883 σιτικοί,
2205 827 2504 882 σιτοβολῶνες.
2562 830 2684 874 Neve

289 899 535 957 posterioris
558 898 761 954 temporis
779 896 947 940 macula
967 905 1009 939 te
1030 896 1230 947 offendat,
1251 896 1550 948 animadverte,
1584 898 1696 953 quod
1717 899 1863 940 eadem
1885 913 1966 940 vox
1986 898 2134 942 eadem
2155 899 2455 954 significatione
2466 900 2556 955 jam
2577 902 2683 943 anti·

292 986 379 1028 quo
399 978 590 1026 tempore
620 975 735 1012 certe
754 968 797 1011 in
818 967 964 1011 Sicula
985 966 1164 1010 dialecto
1195 977 1395 1025 usurpata
1424 982 1516 1011 esse
1535 967 1703 1011 dicitur.
1751 961 1938 1011 Pollucis
1967 968 2076 1011 enim
2097 969 2249 1014 Onom.
2270 970 2339 1013 lib.
2360 970 2441 1021 IX,
2471 974 2522 1015 45
2543 970 2585 1014 in
2605 988 2683 1028 pu-

292 1041 500 1085 blicarum
529 1039 698 1084 aedium
728 1054 904 1083 numero
931 1038 1144 1082 habentur
1175 1036 1271 1082 »καὶ
1299 1040 1492 1092 ταμιεῖα,
1520 1036 1594 1083 ἵνα
1619 1036 1676 1082 τὰ
1698 1031 1900 1097 χρήματα
1928 1038 2001 1083 καὶ
2029 1038 2071 1084 οἱ
2102 1039 2250 1098 πυροί.
2278 1041 2324 1085 ἐν
2352 1040 2402 1085 δὲ
2422 1033 2684 1100 Μενάνδρου

292 1105 502 1169 Ειῖνοιῗχῳ
541 1112 615 1156 καὶ
645 1103 968 1165 σιτοβόλια·
1007 1110 1146 1154 ταῦτα
1181 1110 1233 1153 δὲ
1270 1108 1469 1169 ῥογούς
1503 1110 1855 1155 Σικελιῶται
1892 1103 2141 1168 ω’νόμαζον,
2179 1112 2254 1157 καὶ
2286 1108 2380 1157 ἔστι
2417 1107 2613 1168 τοῦνομα
2641 1113 2684 1159 ἐν

288 1179 643 1241 Ἐπιχάρμου
672 1181 919 1241 Βουσίριδι.
977 1181 1123 1236 Quare
1151 1198 1238 1225 non
1267 1184 1423 1241 poteris
1453 1184 1693 1241 improbare
1720 1183 1907 1242 Sopingii
1937 1185 2241 1240 conjecturam,
2271 1187 2342 1242 qui
2362 1185 2569 1243 Hesychii
2598 1187 2625 1231 l.
2656 1188 2682 1231 1.

289 1272 343 1300 ex
373 1256 563 1313 ejusdem
592 1254 811 1312 scriptoris
840 1253 983 1310 glossa
1003 1255 1193 1315 proxima
1219 1256 1440 1311 superiore
1463 1254 1706 1311 Epicharmi
1736 1270 1888 1298 nomen
1919 1263 1993 1298 aut
2022 1265 2220 1313 repetens
2250 1265 2325 1301 aut
2353 1257 2607 1302 transferens
2626 1258 2684 1302 sic

290 1327 462 1386 scripsit
487 1343 498 1369 ε
530 1323 692 1382 »Ῥογοί
719 1319 854 1384 ὅῤῥεα
878 1320 1034 1376 σιτικά,
1064 1325 1361 1380 σιτοβολιῦνες.
1388 1318 1691 1382 Ἐπίχαρμος.«
1725 1327 2023 1381 Σιτοβολῶνες
2050 1335 2192 1371 autem
2222 1327 2274 1371 ab
2303 1328 2448 1371 eodem
2469 1328 2684 1384 Hesychio

290 1400 562 1456 explicantur
589 1392 702 1456 ὅρια,
732 1404 777 1439 et
804 1390 907 1454 ὅρια
934 1397 1086 1439 eodem
1115 1404 1291 1439 auctore
1319 1403 1420 1439 sunt
1448 1394 1512 1439 τοὶ
1540 1395 1765 1453 νεώρια.
1794 1394 1918 1450 ἔνιοι,
1945 1391 2179 1456 ἀποθήκας
2205 1397 2281 1443 καὶ
2305 1396 2505 1452 Ῥωμαῖοι
2522 1392 2684 1459 “offae

290 1470 500 1515 καλοῦσιν
537 1470 635 1513 coll.
660 1463 817 1528 Ὅριον.
853 1467 1059 1523 τείχισμα
1087 1464 1355 1526 φραγμόν.
1388 1468 1485 1525 (scr.
1500 1462 1666 1526 Ὅριον,
1700 1470 1859 1514 etiamsi
1897 1486 2063 1514 mecum
2108 1471 2216 1515 hanc
2252 1488 2402 1515 vocem
2442 1472 2493 1515 ab
2537 1465 2682 1528 ἠέρος,

288 1543 408 1588 finis«
450 1543 630 1587 alienam
669 1550 712 1586 et
750 1540 804 1586 ad
836 1540 990 1586 horrea
1018 1539 1278 1585 referendam
1308 1556 1400 1585 esse
1422 1541 1619 1596 judicas,
1656 1559 1752 1586 nam
1781 1535 1888 1599 ὅρια
1916 1544 2001 1586 sive
2029 1538 2169 1597 ὠρεῖα
2197 1545 2484 1587 Romanorum
2515 1545 2682 1595 horrea,

288 1615 317 1659 i.
345 1630 383 1660 e.
413 1615 639 1672 apothecas
669 1612 858 1669 cujusvis
887 1613 1079 1667 generiS,
1109 1612 1323 1670 appellata
1349 1612 1482 1656 fuisse
1513 1620 1676 1657 certum
1707 1621 1791 1664 est,
1823 1630 1861 1656 v.
1892 1614 1993 1657 Bast
2021 1630 2087 1671 ep.
2116 1614 2207 1658 crit.
2238 1613 2357 1672 Lips.
2390 1616 2515 1667 1809,
2545 1632 2584 1671 p.
2615 1619 2682 1666 62,

288 1688 385 1731 coll.
416 1686 570 1730 Bernh.
601 1686 653 1729 ad
682 1685 800 1729 Suid.
831 1685 888 1737 ΙΙ,
919 1701 961 1742 p.
991 1689 1086 1736 680,
1116 1684 1176 1741 5).
1235 1683 1380 1737 Quum
1411 1699 1514 1728 vero
1545 1686 1698 1728 horrea
1727 1693 1769 1728 et
1799 1685 1903 1728 aliae
1933 1685 2186 1742 apothecae,
2227 1694 2275 1729 ut
2306 1686 2496 1737 navalia,
2537 1686 2682 1730 similis

287 1760 449 1803 formae
486 1759 615 1801 fuisse
653 1758 876 1800 videantur
906 1782 956 1788 —
998 1757 1042 1800 in
1087 1764 1270 1813 utroque
1301 1756 1587 1800 aedificiorum
1618 1771 1772 1811 genere
1800 1756 1989 1800 tabulata
2019 1755 2155 1814 (τέγη)
2187 1766 2230 1800 et
2260 1756 2407 1800 divisio
2436 1758 2477 1800 in
2509 1757 2682 1801 cellulas

287 1838 603 1880 memorantur,
634 1830 687 1872 cf.
718 1843 826 1886 quae
856 1829 951 1872 Col.
980 1828 1032 1871 de
1063 1843 1109 1872 re
1145 1843 1178 1870 r.
1208 1828 1319 1882 XII,
1348 1829 1403 1870 50
1433 1828 1485 1870 de
1515 1827 1715 1871 tabulatis
1759 1828 1943 1871 horrei
1974 1829 2203 1885 pensilis
2230 1823 2511 1886 granaeirioque
2539 1828 2682 1872 similis

288 1910 332 1947 et
360 1902 502 1945 multis
532 1901 625 1958 ejus
655 1900 880 1944 lacusculis
908 1901 1037 1944 tradit
1065 1915 1164 1943 cum
1196 1899 1347 1956 „variis
1376 1899 1537 1943 cellulis
1568 1899 1844 1943 horreorum“
1875 1900 1986 1957 apud
2007 1900 2043 1942 F
2047 1900 2191 1943 orcell.
2221 1900 2262 1942 in
2293 1917 2359 1953 ν.;
2390 1898 2442 1943 de'
2465 1900 2682 1944 navalibus

288 1988 523 2030 eorumque
561 1973 766 2015 divisione
803 1972 843 2014 in
881 1970 1135 2021 νεωςοίκους
1173 1968 1376 2028 (ἐπίστια
1405 1971 1488 2014 Od.
1519 1974 1558 2020 6,
1589 1973 1688 2023 265)
1732 1971 1917 2013 Boeckh.
1960 1970 2135 2014 Staatslz.
2164 1971 2270 2022 III,
2295 1987 2341 2028 p.
2371 1972 2430 2013 64
2460 1988 2548 2028 sqq.
2586 1971 2681 2014 coll.

286 2046 400 2089 Xen.
429 2044 545 2087 Hell.
585 2049 637 2093 4,
666 2048 716 2093 4,
763 2047 810 2085 12
846 2041 891 2085 οἱ
919 2041 971 2085 δὲ
998 2040 1077 2085 ἐπὶ
1105 2037 1161 2085 zai
1184 2042 1282 2098 τέγη
1308 2042 1396 2084 τῶν
1423 2040 1661 2090 νεωςοίκων
1687 2036 1920 2094 ἀναβάντες
1947 2067 2001 2074 -
2030 2057 2115 2084 ιιοιι
2144 2042 2360 2084 miraberis
2389 2042 2513 2084 etiam
2542 2041 2683 2098 ῥογαῖν

288 2115 504 2173 (ῥωγῶν),
534 2129 643 2171 quae
673 2114 828 2156 horrea
847 2112 1038 2163 fuerunt,
1068 2128 1221 2156 nomen
1251 2113 1304 2155 ad
1332 2112 1465 2155 simile
1494 2112 1673 2155 aedificii
1699 2129 1835 2168 genus
1857 2113 2087 2163 transferri,
2119 2112 2281 2169 siquae
2303 2128 2401 2168 pars
2421 2115 2680 2168 privatarum

288 2187 495 2232 aedium
541 2202 640 2229 cum
678 2184 759 2228 hoc
805 2191 1047 2227 structurae
1091 2199 1247 2239 genere
1286 2192 1384 2240 apte
1420 2183 1656 2239 comparari
1691 2183 1834 2240 possit.
1897 2182 2038 2236 Quam
2080 2199 2179 2226 vero
2221 2193 2383 2240 partem
2419 2184 2584 2227 aedium
2628 2185 2681 2227 ob

287 2259 537 2303 horreorum
576 2255 895 2299 similitudinem
932 2253 1087 2311 ρωγῶν
1121 2253 1291 2298 nomine
1332 2254 1587 2313 appellatam
1641 2255 1829 2311 putabis,
1882 2254 1960 2297 nisi
2007 2271 2121 2305 eam,
2166 2270 2275 2312 quae
2318 2255 2443 2299 etiam
2482 2254 2584 2299 alias
2627 2270 2680 2299 ex

288 2328 562 2375 similitudine
602 2326 817 2371 navalium
850 2342 984 2371 unum
1012 2341 1110 2370 cum
1140 2326 1205 2370 his
1239 2342 1390 2369 nomen
1420 2325 1601 2385 reperit,
1640 2327 1665 2369 i.
1697 2342 1732 2370 e.
1760 2318 2004 2384 μεσόδμην,
2040 2318 2269 2384 κατήλιφα.
2297 2321 2542 2383 Μεσόδμην
2569 2327 2680 2371 enim

286 2402 389 2447 dicit
426 2401 617 2446 Galenus
656 2415 749 2445 esse
787 2398 1061 2454 πανδοχείων
1093 2399 1119 2443 i.
1159 2414 1194 2443 e.
1236 2398 1514 2455 καταγωγίων
1553 2400 1716 2456 (supra
1747 2400 1809 2451 A,
1852 2404 1867 2442 1
1915 2408 1956 2444 et
1995 2400 2149 2456 pagina
2186 2403 2239 2444 39
2268 2399 2397 2452 init.),
2436 2392 2681 2455 καταγώγια

286 2490 389 2517 vero
433 2483 485 2517 et
523 2473 764 2517 deversoria
802 2479 855 2515 et
891 2470 1056 2514 navalia
1086 2471 1358 2513 nominantur
1388 2471 1443 2513 cf.
1473 2472 1586 2514 Xen.
1617 2472 1669 2514 de
1699 2470 1865 2527 Vectig.
1898 2471 1986 2522 111,
2016 2474 2065 2514 12
2110 2466 2290 2516 »Ὁπότε
2318 2484 2366 2526 γε
2391 2466 2475 2526 μήν
2502 2464 2685 2527 οἷφορμὴ

283 2540 505 2603 ὑπάρχοι,
550 2539 678 2585 καλὸν
712 2543 790 2596 μὲν
826 2542 901 2584 καὶ
937 2536 1129 2598 ᾰγαθὸν,
1167 2537 1424 2600 ναυκλι·’ροις
1459 2539 1706 2595 οἰκοδομεῖν
1737 2535 2049 2598 καταγώγια
2083 2541 2190 2599 περὶ
2227 2541 2401 2596 λιμένας
2437 2540 2553 2599 πρὸς
2587 2543 2681 2593 τοῖς

284 2610 564 2675 ὑπάρχουσι·
612 2610 745 2658 καλὸν
773 2613 823 2657 δὲ
852 2629 922 2658 και
952 2607 1170 2672 ἐμπόροις
1198 2613 1273 2658 ἐπὶ
1302 2610 1599 2672 προςίκοντας
1625 2606 1790 2664 τόπους
1818 2609 1906 2671 ωνῇ
1933 2627 1980 2657 τε
2007 2614 2079 2658 καὶ
2108 2609 2296 2672 πράσει,
2338 2630 2409 2659 και
2439 2628 2536 2664 τοις
2562 2609 2681 2674 α’φι-

286 2688 537 2744 κνουμένοις
565 2686 622 2730 δὲ
646 2679 840 2744 δημόσια
867 2678 1184 2741 καταγώγια
1211 2694 1254 2728 et
1282 2687 1350 2728 Et.
1381 2687 1441 2728 M.
1473 2701 1515 2743 p.
1543 2689 1637 2736 601,
1673 2689 1717 2729 17
1748 2686 1862 2742 (coll.
1894 2687 2075 2730 Bekkeri
2107 2687 2193 2729 An.
2223 2686 2257 2738 Ι,
2286 2702 2327 2743 p.
2355 2688 2493 2742 282).
2528 2681 2680 2744 Νεαίς-

285 2775 400 2802 οικοι
427 2776 437 2800 :
465 2752 719 2814 καταγώγια
747 2757 824 2800 επὶ
853 2759 930 2815 τῆς
957 2751 1182 2814 θαλάττης
1211 2752 1522 2814 ῳκοδομνμένα
1551 2755 1618 2806 εἷς
1644 2754 1869 2813 ὑποδοχήν
1894 2759 1982 2799 τῶν
2006 2758 2132 2812 νεῶν,
2163 2752 2236 2800 ὅτε
2264 2753 2323 2813 μῆ
2350 2753 2678 2808 θαλαττεύοιεν,

285 2848 340 2874 τα
382 2824 547 2887 νεώρια
585 2831 636 2873 δὲ
679 2848 702 2887 η
729 2846 816 2873 των
844 2824 954 2873 ’όλων
982 2827 1215 2887 περιβολὴ
1274 2830 1407 2882 Quid,
1452 2830 1567 2886 quod
1597 2830 1687 2885 ipsa
1717 2845 1797 2872 vox
1829 2829 2121 2888 πκατῆ’λιψα
2109 2845 2152 2871 ιιι
2182 2830 2326 2885 glossa
2354 2830 2408 2872 ad
2436 2830 2609 2873 Lucian.
2639 2845 2677 2871 v.

287 2920 416 2960 supra
455 2905 610 2960 pagina
639 2908 714 2954 33,
758 2918 863 2946 vers.
901 2906 928 2943 3
969 2918 1058 2960 sqq.
1102 2902 1306 2944 vocabulo
1344 2894 1579 2950 κατάλυσις
1618 2902 1643 2942 i.
1690 2916 1724 2943 e.
1762 2898 2032 2956 καταγώγιον
2076 2901 2434 2944 »deversorium«
2474 2902 2677 2945 redditur.

285 2975 437 3031 Neque
467 2975 661 3031 profecto
691 2974 743 3018 ab
774 2975 1021 3018 horreorum
1052 2980 1093 3016 et
1123 2973 1335 3016 navalium
1358 2972 1639 3023 similitudine,
1667 2988 1705 3016 v,
1736 2988 1844 3029 quae
1876 2989 2005 3031 supra
2033 2973 2085 3015 ad
2106 2987 2156 3016 ea
2177 2972 2427 3031 explicanda
2445 2972 2677 3024 attulimus,

285 3048 513 3090 abhorrent
543 3047 768 3090 „tabulata
796 3045 1131 3089 intercolumniis
1173 3045 1324 3095 affixa,
1369 3046 1567 3088 tabernae
1595 3043 1636 3086 in
1666 3043 1996 3088 intercolumniis
2026 3053 2322 3096 exstructae«,
2362 3045 2514 3102 quibus
2550 3060 2679 3101 supra

287 3135 384 3176 pag.
414 3122 481 3169 39,
511 3135 550 3163 ν.
580 3122 634 3162 34
662 3119 704 3162 in
733 3119 866 3162 altero
894 3117 1128 3171 μεσοδμῶν
1154 3131 1311 3174 genere
1342 3115 1577 3160 enarrando
1606 3116 1677 3162 usi.
1698 3133 1844 3160 sumus
1867 3117 1933 3172 ¹²).

426 3292 467 3332 ¹²)
490 3293 604 3325 Etiam
637 3289 800 3342 α’γκόι-ον
836 3294 933 3326 ιιοιιιὶ
936 3304 978 3326 ne
1008 3308 1052 3358 μῗ
1037 3303 1093 3329 οσο
1086 3290 1190 3386 ’δομοις
1224 3292 1300 3334 sign
1281 3292 1414 3325 nificari
1449 3293 1601 3324 divinare
1637 3292 1727 3324 li.cet
1787 3292 1873 3324 Nam
1909 3292 2068 3336 designat
2098 3303 2139 3325 ea
2169 3302 2240 3324 vox
2263 3297 2302 3324 et
2351 3286 2527 3336 ,νεόςο
2541 3300 2672 3325 ιιιιι

288 3348 416 3390 (schol.
437 3350 471 3381 in
488 3349 592 3382 Arist.
611 3350 697 3382 Aah.
720 3352 763 3384 96
788 3345 897 3386 ηκονοῖ
922 3351 961 3386 δὲ
986 3365 1020 3387 νε
1006 3347 1077 3395 εαῖς,
1147 3349 1306 3386 κῖινιιλοιό
1289 3344 1407 3398 νὰγκ
1417 3348 1470 3386 ὅν
1479 3364 1501 3385 α
1506 3350 1540 3391 ⁴⁶)
1565 3355 1607 3381 et
1632 3366 1673 3373 -—
1698 3348 1857 3391 plurali
1881 3359 2033 3390 numero,
2058 3355 2095 3383 ut
2117 3346 2303 3400 μεσόδμαι
2333 3366 2374 3373 -
2403 3353 2550 3398 ’pepo
2562 3362 2581 3391 ς
2627 3361 2675 3382 τι
