2955 3681
1442 113 1509 163 83

278 260 411 322 τόρας
438 256 491 308 ὃν
516 256 565 321 ἦν
591 263 669 320 (ef.
698 263 788 307 Cic.
816 262 870 306 de
898 262 1023 306 divin.
1050 261 1108 314 11,
1137 278 1174 306 c.
1202 266 1270 314 28,
1297 263 1318 317 ξ
1348 264 1453 317 62)α
1482 247 1681 318 idemque
1710 261 1842 319 ipsius
1867 260 2009 314 μυχοῦ
2033 262 2159 305 limen
2187 261 2355 317 habeat,
2384 277 2467 305 non
2497 261 2668 319 quidem

281 344 430 380 eontra
467 335 562 380 dico
578 367 591 388 ,
637 334 713 379 sed
742 349 797 378 ex
825 349 954 378 versu
982 334 1055 378 illo
1083 334 1299 378 Theocriti
1335 334 1379 378 id
1417 333 1587 393 probari
1625 348 1749 392 posse
1789 347 1913 390 nego.
1971 333 2110 378 Κοῖλα
2154 335 2266 379 enim
2311 334 2568 379 Theocritus
2613 327 2671 377 ω’

280 403 466 463 σταθμά
495 423 580 452 non
607 406 730 452 aliter
759 406 865 451 dixit
892 413 1021 464 atque
1048 406 1264 451 Lucianus
1295 406 1409 450 Galli
1438 422 1475 450 c.
1495 410 1550 450 24
1577 414 1621 450 et
1647 406 1817 464 Navigii
1844 421 1881 450 c.
1902 409 1957 450 20
1983 406 2130 450 κοῖλον
2156 398 2331 465 χρυσόν,
2359 407 2439 453 Le.
2458 406 2668 452 caelatum

281 495 448 523 aurum.
505 479 612 523 Sunt
640 479 822 537 quidem,
852 478 923 537 qui
951 479 1076 521 etiam
1105 479 1170 521 his
1197 478 1298 522 locis
1326 486 1529 521 excavata
1557 493 1671 529 vasa,
1699 486 1747 520 ut
1773 478 1940 537 pocula,
1969 478 2116 521 similia
2139 478 2388 538 intelligant.
2443 479 2532 524 Sed
2560 480 2671 522 hano

281 551 535 594 sententiam
563 551 692 594 verba
721 551 892 608 (Navig.
921 566 957 594 c.
986 554 1059 604 20)
1085 551 1255 607 probari
1283 566 1367 593 non
1395 551 1534 593 sinunt
1560 568 1571 593 t
1595 547 1640 593 Ὁ
1666 547 1871 606 χρυσὸς
1898 551 1927 593 δ
1935 548 1957 593 ὲ
1984 549 2177 600 κοῖλος
2202 547 2302 606 ἡμῖν
2328 550 2541 611 ἐμφαγεῖν
2558 565 2572 577 ·
2612 546 2673 595 ta*

281 621 333 665 δὲ
365 616 609 675 ἐκπώματα
648 616 705 665 οὔ
741 623 912 680 κοῦφα,
960 618 1021 671 οἷς
1050 617 1107 665 τοὶ
1141 614 1445 680 Ἐχεκράτους,
1489 615 1605 665 α’λλιὶ
1644 613 1898 665 διτάλαντον
1923 619 2103 665 ἕκαστον
2127 616 2203 679 τήν
2228 617 2366 680 ὁλκήν.
2424 624 2668 668 Verborum

281 693 395 738 enim
423 693 528 737 ordo
560 694 838 747 demonstrat,
864 709 949 737 non
980 693 1147 751 χρυσοῦ
1171 693 1310 738 solum
1338 702 1476 745 usum,
1506 693 1580 737 sed
1597 690 1748 738 κοίλου
1764 693 1930 750 χρυσοῦ
1949 693 2025 737 sibi
2043 709 2202 752 cupere
2221 693 2510 748 Adimantum,
2539 696 2668 753 quod,

280 764 316 809 si
353 763 448 823 ipsa
487 781 684 809 vasorum
720 772 872 810 natura
909 766 1171 811 cavationem
1206 765 1463 824 postularet,
1502 765 1630 825 plane
1667 765 1861 823 ineptum
1892 766 2033 818 foret3
2081 782 2179 810 nam
2217 765 2329 810 illius
2367 766 2536 824 generis
2569 783 2669 812 vasa

281 851 411 881 aurea
439 851 564 880 nemo
592 835 719 880 habet
746 851 832 880 non
860 845 1075 882 excavata.
1136 836 1262 881 Vasis
1291 838 1431 895 potius
1461 838 1654 891 caelatis,
1692 837 1850 882 affabre
1877 837 2000 882 factis
2028 837 2288 882 Adimantus
2315 837 2508 882 omnibus
2537 839 2670 883 voluit

280 907 539 953 antecellere
565 908 637 965 (cf.
666 908 790 965 Virg.
818 910 931 953 Aen.
960 909 996 960 Ι,
1026 913 1119 952 640.
1150 913 1227 953 641
1263 910 1446 967 »Ingens
1474 917 1698 966 argentum
1726 909 1884 953 mensis
1913 910 2242 967 caelataque
2277 910 2328 952 in
2363 924 2492 952 auro
2521 909 2667 954 Fortia

279 980 392 1024 facta
423 981 626 1039 patrum).
682 980 744 1024 Ut
787 994 891 1023 vero
934 980 1062 1024 κοῖλα
1103 973 1286 1034 σταθμά
1324 982 1462 1025 dicam
1503 981 1630 1025 simili
1671 981 1799 1025 modo
1843 981 2048 1025 nominari
2083 989 2224 1038 postes
2261 981 2418 1025 forium
2448 981 2668 1040 sculptura

281 1060 475 1105 ornatos,
522 1052 709 1109 inprimis
751 1053 882 1096 efficit
926 1068 1008 1096 vox
1049 1049 1282 1110 composita
1322 1045 1652 1106 κοιλόσταθμος
1694 1069 1719 1097 a
1762 1052 2136 1111 Septuagintaviris
2179 1046 2382 1109 Ἀγγαίου
2418 1068 2456 1097 c.
2489 1056 2535 1105 l,
2575 1069 2613 1096 v.
2641 1058 2670 1098 4

280 1130 487 1181 usurpata
515 1139 526 1166 ε
556 1119 641 1180 „El
667 1121 826 1181 καιρός
850 1123 930 1178 μὲν
956 1120 1056 1177 ὑμῖν
1082 1123 1178 1168 ἐστι
1203 1125 1283 1168 τοῦ
1310 1121 1442 1168 οἰκεῖν
1468 1122 1514 1168 ἐν
1540 1123 1732 1176 οἴκοις
1758 1120 1880 1179 ὐμῶν
1905 1140 1962 1169 κο
1974 1116 2373 1180 elvard-auom,
2415 1120 2443 1169 o‘
2471 1123 2523 1169 δὲ
2550 1119 2672 1177 οἶκος

280 1192 400 1252 ἡμῶν
427 1187 772 1254 ἐξηρήμωται,·“,
821 1212 906 1255 quo
934 1198 976 1240 in
1004 1197 1099 1241 loco
1128 1212 1212 1240 non
1251 1198 1432 1256 repudio
1477 1198 1648 1255 quidem
1692 1198 2077 1255 interpretationem
2120 1212 2295 1250 eorum,
2342 1197 2418 1256 qui
2446 1198 2670 1257 significari

279 1275 433 1326 putent
461 1268 611 1311 domos
637 1269 879 1324 laqueatas,
927 1278 1262 1320 concameratas,
1309 1270 1464 1314 tabulis
1492 1270 1708 1313 excavatis
1747 1277 1881 1313 tectas
1915 1263 2261 1327 »ω’ροφομένους
2295 1269 2508 1323 cluave«,
2554 1287 2671 1315 com-

281 1346 479 1396 parantes
528 1339 704 1383 verbum
753 1339 1091 1394 κοιλοσταθμέω
1135 1341 1169 1393 Ι,
1200 1343 1306 1399 Reg.
1338 1345 1386 1393 6,
1426 1345 1451 1386 9
1497 1334 1910 1399 »ἐκοιλοστάθμησε
1950 1340 2023 1385 τὸν
2061 1335 2180 1386 οἶκον
2221 1333 2547 1399 φατνώμασια,
2595 1343 2670 1387 ubi

280 1411 450 1467 glossae
479 1427 491 1455 ε
520 1410 784 1456 ε’σανίδωσεν
811 1412 1142 1467 κεκοιλωμέναις
1170 1410 1258 1457 ὑπὸ
1285 1413 1373 1457 τῶν
1398 1414 1601 1467 τεχνιτῶν
1628 1411 1809 1457 σανίσιν.
1865 1414 2016 1470 Neque
2058 1429 2166 1471 nego
2211 1413 2254 1457 id
2300 1430 2436 1472 genus
2479 1413 2668 1458 aedificia

279 1490 397 1527 recte
442 1483 649 1526 nominari
694 1485 890 1541 »amplas
932 1486 1113 1528 domosoe
1157 1485 1210 1528 cf.
1239 1486 1368 1543 gloss.
1397 1486 1451 1528 ad
1480 1486 1596 1543 Agg.
1624 1485 1660 1536 I,
1689 1490 1716 1528 4
1760 1476 2136 1538 »κοιλοστάθμοις
2179 1484 2289 1538 (MS.
2317 1481 2670 1541 κυλοστάθμοις)

281 1551 470 1615 ὑψηλοῖς
497 1553 571 1600 καὶ
596 1549 847 1612 μεγάλοις-ιι,
876 1571 1004 1614 quam
1032 1565 1271 1615 corruptam
1300 1558 1454 1617 repetit
1482 1557 1672 1615 Hesych.
1702 1549 2069 1610 κυκλοστοέθμοις.
2098 1552 2293 1615 ὑψηλοῖς.
2341 1555 2426 1601 Sed
2456 1556 2669 1614 ejusmodi

279 1618 508 1685 laqueatas
542 1627 691 1671 domos
735 1642 789 1671 ex
830 1629 1099 1672 similitudine
1144 1629 1399 1673 caelatorum
1441 1638 1653 1673 tectorum
1690 1630 1776 1686 (cf.
1807 1629 1935 1673 verba
1963 1638 2113 1688 poetae
2141 1630 2192 1673 de
2221 1629 2377 1672 Priami
2405 1630 2524 1686 regia
2553 1630 2666 1688 apud

281 1699 368 1743 Cic.
397 1699 527 1742 Tusc.
556 1699 592 1749 I,
622 1703 676 1742 35
724 1699 953 1744 ”adstante
993 1715 1074 1758 ope
1117 1701 1334 1744 barbarica
1380 1702 1571 1745 Tectis
1602 1701 1873 1752 *caelatis,
1922 1701 2188 1757 laqueatisa)
2229 1716 2326 1744 cum
2363 1700 2520 1744 forium
2549 1710 2668 1745 ante-

281 1771 518 1829 pagmentis
547 1770 765 1829 sculptura
794 1773 953 1815 ornatis
981 1787 1134 1815 nomen
1162 1773 1371 1830 reperisse
1399 1781 1441 1816 et
1470 1789 1522 1816 ex
1551 1773 1642 1830 ipsa
1670 1773 1784 1815 vocis
1819 1767 2142 1825 κοιλόσταθμος
2175 1772 2510 1816 conformatione
2540 1781 2584 1814 et
2613 1787 2668 1815 ex

281 1843 421 1885 verbis
449 1841 601 1899 Cyrilli
629 1843 760 1885 Alex.
789 1843 843 1885 ad
872 1844 1039 1901 Aggaei
1067 1844 1095 1886 l.
1126 1844 1154 1886 l.
1184 1844 1407 1887 verisimile
1435 1844 1484 1886 fit
1510 1859 1522 1885 t
1552 1837 1928 1898 κοιλοστάθμους,
1962 1844 2115 1901 φησὶν,
2144 1835 2206 1884 ὧν
2231 1837 2283 1885 ἂν
2308 1841 2357 1886 αἱ
2383 1842 2542 1901 φλιαὶ,
2571 1836 2669 1899 ἤτοι

276 1914 366 1956 τῶν
392 1914 544 1972 θυρῶν
571 1914 614 1957 οἱ
641 1914 835 1967 σταθμοὶ
864 1909 1033 1972 σιδήρῳ
1063 1914 1399 1957 διεκοιλαίνονιο
1414 1947 1426 1966 ,
1467 1911 1840 1973 περιορυττόντων
1865 1910 1990 1969 οἶμαι
2019 1930 2109 1957 που
2134 1907 2341 1958 τεκτόνων
2368 1909 2550 1967 caritonis,
2591 1914 2666 1957 καὶ

279 1976 371 2028 cinci
395 2001 443 2041 γε
468 1987 546 2043 τῆς
573 1987 700 2044 σφῶν
728 1979 952 2040 εὐτεχνίας
981 1982 1323 2044 ε’γχαραττόντων
1351 1982 1650 2041 δαιδάλματα.
1695 1988 1859 2041 Quodsi
1888 1989 1978 2031 fieri
2008 1988 2197 2043 potuisse
2227 1987 2395 2038 statuis,
2422 1996 2473 2030 ut
2501 2003 2664 2043 angues

280 2058 394 2115 apud
422 2058 700 2102 Theocritum
730 2075 805 2116 per
833 2060 1029 2102 lacunam
1057 2061 1263 2116 sculptilis
1293 2061 1457 2116 operis,
1501 2061 1653 2115 quibus
1689 2068 1831 2116 postes
1866 2060 2024 2102 fuerint
2061 2060 2224 2110 ornati,
2266 2059 2540 2115 irrepserint,
2580 2075 2665 2102 non

281 2129 496 2174 adversor.
553 2129 602 2173 In
633 2130 771 2174 verbis
798 2138 949 2188 poetae
977 2131 1019 2174 id
1048 2131 1186 2175 inesse
1214 2145 1348 2188 nego,
1389 2146 1521 2188 quum
1551 2131 1674 2175 etiam
1703 2131 1771 2174 alii
1801 2138 1953 2189 poetae
1983 2131 2132 2175 eadem
2162 2128 2311 2175 κοίλου
2339 2145 2444 2175 voce
2473 2131 2515 2182 in
2544 2129 2665 2174 simili

280 2215 328 2244 re
356 2202 410 2244 ad
441 2216 675 2245 sermonem
705 2217 785 2245 suo
813 2217 929 2246 more
958 2203 1191 2245 ornandum
1220 2204 1283 2246 usi
1312 2205 1407 2246 sint.
1469 2203 1577 2245 Vide
1606 2204 1717 2246 enim
1745 2203 1870 2246 κοῖλα
1899 2203 2078 2261 κλῇθρα
2106 2205 2148 2248 in
2180 2204 2404 2261 Sophoclis
2432 2205 2459 2246 l.
2487 2203 2515 2246 l.
2545 2218 2664 2245 num-

280 2273 380 2329 quid
411 2273 526 2316 aliud
556 2272 806 2330 significent,
836 2274 913 2317 nisi
940 2274 1144 2332 repagula
1173 2274 1331 2318 affabre
1358 2275 1482 2329 facta,
1511 2275 1664 2333 quibus
1687 2274 1818 2330 janua
1846 2275 1959 2319 intus
1987 2276 2132 2320 clausa
2159 2275 2241 2320 fuit
2261 2291 2456 2333 quaeque
2476 2274 2665 2331 Oedipus

279 2358 303 2388 e
331 2344 522 2400 postibus
543 2346 696 2402 erupit.
728 2344 923 2403 Κλῇθρα
951 2347 1036 2389 sive
1063 2344 1252 2402 κλεῖθρα
1272 2346 1360 2397 (Et.
1383 2346 1444 2389 M.
1464 2361 1506 2401 p.
1527 2348 1621 2396 518,
1646 2349 1696 2388 10
1716 2345 1830 2402 sqq.)
1851 2353 1952 2390 sunt
1984 2346 2257 2404 »repagula«.
2288 2347 2394 2390 Hes.
2415 2362 2426 2389 z
2448 2344 2663 2402 Κλεῖθρα.

277 2413 438 2469 μοχλοί
466 2433 503 2460 κ.
530 2431 568 2460 τ.
596 2414 635 2459 λ.
666 2423 710 2461 et
736 2416 779 2460 in
807 2433 848 2461 v.
877 2412 1074 2473 Κλήθρα
1100 2423 1197 2474 post
1225 2414 1387 2460 Κλινθ.
1420 2410 1568 2467 »εἶδος
1597 2415 1790 2475 δένδρου.
1819 2411 1844 2473 ’ἢ
1869 2412 2060 2471 μοχλόςα
2090 2418 2250 2473 (voluit
2282 2417 2469 2474 κλῇθρα.
2504 2413 2665 2469 μοχλοί

281 2486 500 2542 scribere).
555 2487 776 2544 Repagula
805 2494 948 2532 autem
977 2488 1164 2545 sculptili
1192 2488 1259 2532 vel
1287 2487 1508 2532 interrasili
1543 2503 1672 2544 opere
1710 2497 1914 2533 exornata
1952 2506 2039 2534 non
2076 2489 2308 2540 miraberis,
2350 2488 2384 2532 si
2411 2486 2661 2532 recordatus

280 2558 374 2609 eris,
404 2565 563 2616 quanto
592 2558 817 2617 splendore
847 2567 1010 2605 veteres
1040 2559 1262 2604 domorum
1285 2559 1439 2617 januas
1468 2574 1675 2605 exornare
1702 2560 1811 2605 soliti
1840 2560 1922 2605 sint
1949 2560 2004 2606 cf.
2035 2560 2117 2606 Od.
2148 2562 2185 2613 7,
2214 2563 2267 2606 88
2295 2575 2384 2617 sqq.
2411 2558 2507 2603 coll.
2536 2572 2661 2603 neae-

280 2628 375 2672 latis
416 2629 615 2674 foribus«
658 2631 769 2689 apud
799 2630 925 2675 Ovid.
952 2630 1056 2676 Met.
1081 2631 1141 2683 11,
1170 2635 1208 2676 6.
1239 2634 1346 2685 8193
1395 2630 1517 2683 VIII,
1547 2631 1641 2675 703.
1699 2631 1791 2675 Nisi
1819 2632 1951 2676 males
1983 2632 2202 2690 Sophoclis
2231 2632 2257 2676 l.
2284 2631 2311 2674 l.
2342 2629 2663 2675 Schneidewino

281 2701 455 2744 auctore
487 2698 613 2760 'ipsas
654 2703 768 2746 fores
813 2703 1057 2762 πκλῇθραὰ
1101 2704 1234 2748 dictas
1271 2719 1363 2747 esse
1391 2711 1554 2761 putare.
1585 2727 1630 2735 -
1663 2703 1851 2748 Januam
1880 2704 1924 2748 in
1955 2704 2172 2762 Sophoclis
2202 2703 2293 2746 loco
2322 2703 2364 2745 in
2391 2702 2662 2746 interioribus

281 2773 455 2818 aedibus
483 2789 576 2818 esse
606 2782 771 2819 certum
798 2783 873 2820 est.
928 2776 1147 2821 Theocriti
1169 2776 1344 2834 januam
1373 2775 1408 2819 si
1435 2790 1563 2834 supra
1591 2774 1741 2820 eodem
1771 2777 1939 2829 rettuli,
1982 2784 2071 2819 tota
2109 2790 2251 2819 rerum
2290 2774 2421 2819 series
2455 2789 2525 2818 me
2566 2788 2665 2832 per·

280 2846 435 2899 movit,
479 2861 563 2890 non
599 2846 730 2892 verba
768 2841 855 2892 ὅθι
890 2846 1080 2908 σταθμοὶ4
1114 2848 1279 2893 κοῖλα
1314 2839 1498 2906 θυράων
1533 2845 1667 2892 Οἲκω.
1723 2847 1929 2903 Quamvis
1958 2856 2082 2907 aptus
2111 2848 2221 2891 enim
2249 2846 2457 2903 ejusmodi
2485 2853 2664 2890 ornatus

278 2917 467 2962 interiori
503 2917 645 2962 domui
682 2918 833 2973 fuerit,
878 2937 918 2964 v.
949 2936 1060 2979 quae
1089 2937 1219 2979 supra
1246 2936 1288 2979 p.
1320 2923 1387 2973 67,
1416 2936 1455 2963 v.
1484 2923 1509 2964 5
1539 2920 1591 2965 de
1629 2919 1786 2972 καλαῖς
1817 2913 2062 2975 μεσόδμαις
2099 2918 2384 2975 conjecimus,
2426 2918 2611 2964 eundem
2639 2933 2665 2960 a

280 2989 503 3050 principali
537 2990 669 3036 totius
703 2992 853 3036 domus
885 2992 1018 3050 janua
1056 2992 1242 3038 abfuisse
1270 2991 1465 3038 contendi
1495 3008 1580 3037 non
1609 3000 1766 3051 potest.
1823 2992 1889 3037 Cf.
1920 2992 1972 3036 de
1999 2990 2118 3036 aedd.
2147 2989 2182 3042 1,
2212 3005 2254 3047 p.
2288 2993 2339 3034 13
2368 2997 2513 3035 annot.
2542 2998 2664 3042 extr„

282 3077 325 3120 p.
354 3064 408 3105 29
437 3069 578 3106 annot.
607 3065 660 3106 38
691 3056 917 3119 »οἷπέξεον
944 3062 1025 3116 τᾶς
1051 3062 1242 3117 κίοναςα,
1272 3064 1329 3117 ΙΙ,
1358 3064 1398 3116 7,
1428 3079 1466 3107 v.
1495 3067 1534 3108 8.

418 3133 518 3176 Jam
545 3148 684 3192 pauca
710 3134 783 3177 illa
811 3137 1130 3191 perlustremus,
1158 3150 1269 3193 quae
1301 3136 1353 3178 de
1382 3136 1615 3179 Homerica
1641 3134 1965 3193 gynaeconitide
1995 3133 2229 3188 adjicienda
2257 3147 2351 3176 esse
2379 3140 2587 3189 putamus.
2611 3156 2662 3164 -
2702 3152 2797 3189 [ην
2821 3148 2933 3205 ‹ivry-

282 3202 399 3248 Libri
437 3206 532 3249 20¹m
571 3222 610 3250 v.
649 3209 729 3250 387
768 3206 984 3265 Penelope
1034 3207 1188 3251 dicitur
1235 3222 1452 3253 sermones
1491 3223 1714 3264 procorum
1749 3208 1790 3250 in
1823 3220 1927 3250 oeco
1967 3205 2155 3249 virorum
2191 3204 2455 3262 epulantium
2494 3202 2662 3247 audisse
2685 3195 2955 3266 61⁸3(er

283 3274 374 3318 κατ’
408 3269 607 3334 ἄντηστιν
646 3276 811 3336 θεμένη
849 3276 1117 3334 περικαλλέα
1158 3277 1331 3336 δίφρον.
1390 3279 1656 3324 Doederlein.
1696 3278 1837 3322 Gloss.
1866 3277 1934 3329 11,
1976 3280 2073 3332 180,
2108 3292 2148 3320 n.
2188 3278 2266 3319 707
2310 3276 2538 3333 dijudicare
2576 3289 2663 3318 non
2686 3254 2955 3341 23:2¹2,ss

283 3347 438 3400 ⁸Udetn
497 3355 643 3394 utrum
683 3342 794 3395 ’tata'
835 3366 931 3395 cum
966 3349 1128 3408 θεμένη
1163 3351 1366 3408 conjungi
1406 3352 1576 3406 debeat,
1632 3357 1681 3394 ut
1716 3352 1793 3401 19,
1840 3352 1944 3400 101;
2001 3352 2067 3401 20,
2098 3351 2205 3400 259,
2263 3363 2317 3392 au
2356 3347 2447 3391 κατ’
2490 3339 2666 3404 ὅντησιν
2762 3341 2887 3389 qam.)
