2955 3681
1435 70 1497 117 35

413 220 472 271 7.)
511 215 745 261 sexcenties
776 212 1006 272 μέλαθρον
1047 215 1232 270 generali
1261 214 1558 273 significatione
1587 215 1697 258 idem
1727 224 1803 268 est,
1830 218 1944 273 quod
1973 214 2106 262 οἰκία.
2162 218 2230 262 Ne
2256 220 2509 276 scriptorum
2538 220 2657 264 loco·

274 289 314 332 in
333 304 421 333 rem
442 296 584 331 notam
604 285 831 335 cumulem,
853 284 905 328 cf.
925 285 1130 341 Hesychii
1150 287 1311 342 glossas
1332 285 1587 343 Μέλαθρον.
1639 300 1695 328 »ο
1718 286 1739 329 ἲ
1756 302 1781 327 κ
1798 301 1824 343 η
1841 302 1873 340 μ
1894 304 1973 330 αα,
2011 314 2012 317 =
2032 288 2309 346 Μέλαθρα
2368 304 2423 331 »o
2442 287 2496 332 ἰκ
2510 289 2528 332 ί
2543 306 2654 334 aa«-

272 357 484 404 Μελᾶθ
499 373 604 417 ρων
622 357 815 410 λῶβαι.
836 358 923 399 τῶν
978 376 999 398 n
1017 373 1040 400 ο
1060 357 1081 400 ἰ’
1101 375 1125 399 κ
1144 375 1179 400 ω
1198 374 1221 400 ν
1238 376 1257 396 α
1318 358 1366 402 αἱ
1383 353 1565 412 βλάβαι;
1585 359 1694 401 adde
1715 360 1969 402 Bachmann.
1991 362 2155 405 Anecd.
2185 363 2222 412 I,
2243 364 2323 404 297
2351 361 2655 419 μέλαθρον,

275 425 464 476 οἰκον
489 438 532 475 et
561 428 696 474 Bekk.
726 429 1007 481 Anecd.III,
1041 432 1145 474 1096
1172 430 1466 487 μέλαθρον
1525 426 1753 474 »οἰκία
1807 433 1878 474 Σι
1898 431 2095 474 κελῶν
2148 432 2460 489 γλῶσσαι..

460 541 524 597 Ε.
565 573 646 582 -
686 536 1040 601 ΠΕΤΕΥΡΟΝ.
1095 559 1220 603 Hanc
1251 574 1399 602 vocem
1428 566 1473 601 ut
1503 574 1600 602 cum
1629 557 1694 610 iis,
1720 574 1828 615 quae
1856 574 1985 617 supra
2013 560 2146 617 posui,
2176 561 2399 613 conferam,
2418 561 2518 605 facit
2536 563 2654 608 locus

273 631 419 675 scholl.
460 632 501 674 in
546 630 731 674 Theocr.
772 635 848 687 ιγ’,
890 648 927 674 ν.
970 634 1033 674 13.
1103 631 1168 674 Ibi
1207 633 1317 675 enim
1362 645 1493 688 quum
1523 638 1647 688 poeta
1676 629 1851 673 dixisset
1878 630 2107 674 Herculem
2138 631 2296 688 Hylam
2325 648 2504 689 puerum
2535 635 2652 677 nullo

273 703 355 746 diei
401 709 589 760 tempore
633 717 657 746 a
693 717 738 746 se
759 702 966 746 ‚dimisisse
996 697 1101 746 οὔθ’
1131 697 1251 747 ὁπόκ’
1280 695 1509 760 όρτάλιχοι
1537 700 1709 758 μινυροὶ
1739 699 1842 745 ποτὶ
1883 704 2026 745 κοῖτον
2052 698 2191 760 ὁρῷεν
2217 704 2480 757 Σεισαμένας
2507 700 2655 763 πτερά

269 768 435 832 ματρὸς
461 771 532 815 ἐπ’
559 768 815 816 αἰθαλόεντι
843 767 1059 831 πετεύρῳ,
1088 773 1311 816 scholiasta
1337 772 1455 815 addit
1484 771 1631 828 (Gaisf.
1664 781 1777 830 poet.
1807 773 1907 816 min.
1930 773 2080 816 Graec.
2111 773 2191 817 vol.
2223 773 2280 826 V,
2310 790 2348 831 p.
2383 778 2470 827 193,
2498 779 2519 818 7
2541 776 2650 834 [166,

276 844 350 903 1]).
420 842 638 900 Πέτευρον
665 843 715 886 δὲ
744 844 937 886 σανίδιον
966 840 1126 888 λεπτόν
1152 843 1226 886 καὶ
1252 842 1495 895 τεταμένον,
1525 834 1562 898 ᾦ
1592 843 1662 886 καὶ
1694 841 1760 894 εἰς
1785 841 1887 894 τούς
1914 840 2107 901 ὀρόφους
2137 838 2231 888 dni
2260 845 2480 903 κεραμίων
2498 848 2651 893 πολλοὶ

267 916 474 972 χρῶνται.
503 913 565 957 Οἱ
597 914 653 957 δὲ
681 909 963 958 αἰθαλόεν
990 916 1256 973 πέτευρον
1314 909 1455 970 »τὴν
1510 915 1536 956 ὁ
1556 929 1621 956 οκ
1642 913 1741 957 dua
1801 913 2065 972 λέγουσιν.
2121 914 2191 966 Ὡς
2219 913 2521 976 καὶὍμηρος·

407 996 551 1047 Λῦτοὶ
581 1002 621 1045 δ’
650 997 939 1055 αἰθαλόειτας
974 998 1055 1047 civo?
1093 1004 1237 1062 ῥῶγας
1280 996 1532 1061 (α’ναριόσας
1570 1004 1881 1048 Canonicianus
1919 1006 2013 1048 cod.
2057 1007 2388 1064 recentissimus)
2428 1002 2649 1068 μεγάροιο.

272 1077 341 1118 De
389 1076 597 1117 sententia
626 1090 771 1118 eorum
808 1084 950 1126 certe,
998 1077 1068 1132 qui
1108 1068 1319 1117 αἰθαλόεν
1358 1074 1566 1132 πέτει·ρον
1602 1076 1985 1133 interpretabantur
2017 1075 2115 1132 »τῂν
2143 1070 2294 1119 δοκόνα
2327 1079 2506 1121 dubitari
2536 1082 2651 1123 nullo

269 1147 395 1190 modo
434 1156 589 1203 potest.
658 1147 802 1198 Quum
840 1148 950 1190 enim
992 1147 1247 1189 Theocritus
1285 1162 1390 1189 voce
1430 1146 1636 1203 πέτευρον
1664 1156 1778 1189 certo
1809 1148 2017 1203 significet
2045 1149 2200 1199 locum,
2232 1164 2315 1206 quo
2344 1151 2525 1206 gallinae
2553 1166 2650 1195 cum

270 1219 396 1278 pullis
430 1219 574 1262 volare
603 1218 762 1263 soleant
792 1220 843 1263 ad
872 1220 1239 1278 requiescendum,
1270 1214 1403 1269 δοκός
1432 1219 1501 1262 illa
1530 1219 1612 1262 alia
1640 1234 1732 1263 esse
1762 1235 1845 1264 non
1876 1227 2018 1278 potest
2047 1230 2172 1277 atque
2203 1236 2266 1272 ea,
2297 1237 2422 1278 quam
2451 1237 2578 1281 supra
2607 1225 2649 1267 in

270 1292 422 1336 ceteris
459 1291 630 1335 vocibus
668 1291 937 1350 explanandis
966 1293 1033 1335 hic
1062 1291 1302 1350 simpliciter
1329 1285 1421 1349 τήν
1450 1288 1640 1343 δοκόν,
1672 1291 1754 1334 illic
1781 1286 1873 1348 τήν
1904 1288 2171 1336 ὑπότονον
2200 1287 2366 1336 δοκόν
2395 1295 2650 1339 nominatam

269 1363 513 1407 invenimus.
570 1363 779 1421 Compara
822 1364 955 1416 enim,
999 1378 1183 1422 quaeso,
1227 1378 1371 1407 vocem
1412 1359 1676 1422 κατήλιφος,
1707 1379 1833 1421 quam
1862 1364 2051 1421 Hesych.
2082 1374 2155 1408 aut
2187 1360 2310 1409 δοκόν
2338 1359 2552 1411 ὑπότονον
2578 1378 2651 1411 aut

269 1432 463 1493 ἰκρίωμα
505 1435 683 1486 domus,
726 1437 912 1478 scholion
954 1437 995 1478 in
1025 1437 1155 1478 Arist.
1185 1437 1292 1478 Ran.
1323 1452 1362 1478 v.
1393 1440 1473 1480 566
1505 1436 1667 1479 disertis
1696 1436 1836 1480 verbis
1865 1438 2052 1480 nominat
2082 1435 2262 1488 σανίδα,
2304 1436 2349 1481 ἐν
2375 1430 2403 1496 ᾗ
2430 1432 2649 1482 πάντατά

270 1500 532 1561 πωλούμενα
571 1507 795 1558 τιθέασιν,
838 1504 920 1557 εἰς
956 1500 1013 1564 ἢν
1055 1501 1452 1561 ἀναβαίνοντες
1487 1505 1542 1549 οἱ
1581 1506 1928 1551 κατοικίδιοι
1979 1502 2132 1565 ὅρνις
2168 1507 2283 1551 ἐκεῖ
2322 1512 2648 1561 κοιμῶνται.

269 1579 403 1622 Plane
435 1580 707 1622 confirmatur
736 1586 876 1621 autem
905 1592 971 1620 res
999 1579 1162 1621 Polluc.
1191 1579 1248 1629 X,
1281 1582 1357 1621 156
1399 1577 1674 1637 Πέτευρον
1703 1579 1788 1631 δὲ,
1833 1572 1892 1623 οὗ
1925 1578 2025 1630 τοῖς
2061 1579 2367 1631 ἕνοικιδίας
2404 1576 2649 1638 ὄρνιθας

270 1642 637 1707 ἐγκαθεύδειν
678 1649 1048 1707 συμβέβηκεν,
1091 1643 1409 1707 Ἀριστοφάνης
1445 1650 1570 1705 λέγει,
1612 1644 1766 1708 ὥσπερ
1806 1651 1880 1695 καὶ
1923 1647 2199 1708 κρεμάστραν
2239 1648 2282 1695 ἐν
2307 1654 2405 1701 ταῖς
2430 1651 2646 1708 νεφέλαις.

269 1724 339 1765 Ac
370 1737 423 1765 ne
453 1724 545 1779 quis
579 1723 888 1779 comparatione
917 1715 1195 1779 κρεμάστρας
1230 1723 1313 1765 sive
1343 1719 1611 1778 κρεμάθρας
1639 1724 1835 1775 Socratis,
1866 1739 1992 1779 quam
2023 1731 2097 1766 aut
2127 1733 2310 1766 stoream
2341 1724 2541 1780 pensilem
2573 1733 2649 1767 aut

270 1794 438 1837 corbem
476 1794 678 1851 pensilem
709 1795 833 1836 modo
861 1795 970 1844 huc,
1001 1795 1124 1836 modo
1151 1795 1248 1836 illuc
1279 1803 1485 1850 portatam
1515 1795 1694 1848 fingunt,
1727 1811 1764 1836 V.
1797 1796 1895 1837 Ast.
1926 1795 2029 1837 Lex.
2060 1795 2169 1836 Plat.
2199 1795 2239 1836 in
2270 1811 2311 1836 v.
2342 1794 2574 1852 περιφέρω
2606 1804 2649 1838 et

270 1864 513 1907 Stallbaum.
554 1867 596 1908 in
636 1865 801 1907 Socrat.
840 1866 968 1919 Apol.
1009 1882 1049 1921 p.
1097 1868 1174 1906 19.'
1201 1867 1261 1914 O,
1299 1866 1687 1921 interpretationem
1719 1880 1847 1921 supra
1874 1866 2132 1920 propositam
2163 1867 2362 1908 incertam
2392 1865 2483 1908 fieri
2511 1875 2648 1922 putet,

267 1936 373 1977 hanc
410 1937 451 1977 in
487 1950 578 1977 rem
620 1937 799 1977 adhibeo
830 1937 1033 1977 scholium
1063 1937 1115 1976 ad
1147 1937 1280 1977 Arist.
1310 1936 1421 1977 Nub.
1450 1952 1488 1976 v.
1518 1938 1611 1977 226.
1658 1932 1831 1977 ἔπειτ’
1860 1930 1970 1977 ‹z'nox
2000 1937 2212 1992 ταρροῦ
2240 1952 2250 1977 :
2287 1935 2449 1995 ταρζιὸς
2474 1937 2647 1990 μετέω-

269 2000 343 2063 ρόν
371 2023 414 2049 τι
443 2004 598 2062 ἰκρίον,
629 2004 700 2064 ἐφ’
737 1999 787 2049 οἷ
816 2006 864 2049 αἱ
891 2002 1216 2063 α’λεκτρυονίδες
1243 2008 1490 2058 κοιμῶνται.
1531 2000 1738 2061 τοιαύτην
1766 2002 1818 2062 δή
1847 2023 1944 2048 τινα
1972 2003 2246 2064 ὑποληπτέον
2267 2003 2342 2065 τὴν
2371 2001 2648 2065 κρεμᾶστραν

268 2073 550 2122 ἐσκευάσθαι.
616 2079 769 2135 Neque
798 2096 907 2135 quae
937 2081 976 2120 in
1002 2071 1165 2121 scholiis
1203 2079 1255 2120 ad
1295 2095 1332 2120 v.
1363 2082 1442 2121 218
1473 2079 1524 2121 de
1554 2072 1791 2134 κρεμάθρᾳ
1819 2078 2042 2120 traduntur
2071 2096 2080 2120 :
2110 2076 2350 2137 κρεμάθρα
2381 2079 2435 2135 δὴ
2460 2079 2644 2135 λέγεται,

269 2149 345 2193 dcc?
373 2149 426 2193 τό
468 2144 610 2200 οὕτως
650 2145 785 2207 ου’τήν
827 2144 896 2192 αἐὶ
925 2151 1138 2207 μετέωρον
1177 2144 1288 2191 εἶναι
1330 2148 1607 2206 κρεμαμένην,
1638 2151 1729 2190 νῦν
1756 2148 1949 2201 μέντοι
1977 2148 2042 2191 τοὶ
2071 2144 2488 2207 περιττεύοντα
2516 2147 2645 2210 (ὄψα)

268 2219 348 2271 εἷς
366 2215 526 2278 αὐτήν
545 2214 827 2275 εἰώθαμεν
846 2216 985 2265 οἷποτ
1001 2219 1061 2264 in
1077 2236 1097 2263 ε
1111 2222 1246 2264 σθαι
1270 2220 1390 2263 nimis
1410 2220 1639 2263 abhorrent
1654 2221 1705 2262 ab
1725 2219 1787 2270 iis,
1809 2236 1918 2277 quae
1940 2220 1992 2262 de
2012 2216 2221 2279 κατήλιφι
2239 2238 2459 2280 cauponae
2480 2240 2502 2267 e
2524 2224 2646 2266 scho-

268 2294 323 2336 lio
372 2294 424 2337 ad
454 2294 588 2337 Arist.
624 2296 729 2337 Ran.
766 2297 844 2336 566
875 2294 1100 2344 attulimus,
1135 2291 1330 2344 »σανίδα,
1360 2291 1403 2336 ἐν
1428 2284 1461 2350 ἤ
1492 2286 1636 2336 πάντα
1664 2289 1719 2336 w?
1747 2288 2011 2346 πωλούμενα
2039 2294 2255 2336 τιθέασιν.
2312 2295 2502 2347 Accedit,
2530 2296 2644 2353 quod

267 2366 391 2409 etiam
435 2366 502 2408 alii
540 2367 793 2422 scriptorum
834 2367 915 2408 loci
944 2366 980 2407 ei
1015 2364 1231 2420 πετεύρου
1267 2365 1604 2422 interpretationi
1633 2366 1945 2417 obsecundant,
1991 2380 2099 2422 quae
2129 2367 2209 2408 hac
2239 2382 2345 2410 voce
2378 2369 2563 2409 „trabem
2597 2368 2645 2409 il-

267 2437 349 2480 lam
380 2445 663 2482 transversam
695 2438 844 2481 domus
873 2438 959 2481 sive
986 2437 1218 2480 tabulatum
1248 2437 1347 2479 huic
1377 2437 1484 2479 trabi
1512 2438 1756 2495 impositum
1787 2438 1850 2481 vel
1879 2438 2081 2481 affixum«
2104 2439 2317 2496 designari
2338 2439 2459 2483 dicat.
2517 2439 2645 2491 Quod

268 2510 377 2552 enim
406 2509 585 2553 Babrius
615 2510 678 2552 his
707 2509 846 2552 verbis
877 2508 1071 2566 exprimit
1100 2524 1137 2549 v.
1168 2507 1284 2550 Suid.
1314 2506 1524 2563 Πέταυρα
1552 2507 1674 2564 τίγνα
1702 2504 1924 2567 Βάβριος·

788 2612 832 2656 Ὀ
859 2615 897 2655 δ’
925 2613 970 2656 ἐκ
998 2605 1216 2669 πεταόρου
1244 2608 1421 2668 κλαγγὸν
1449 2608 1549 2656 εἰπε
1575 2607 1763 2670 βοήσας·
1794 2615 2060 2667 (Hemsterh.
2088 2611 2367 2671 βωστρήσας)

795 2683 943 2727 πόθεν
967 2676 1151 2740 μαθήσῃ
1180 2681 1347 2725 πόσσον
1376 2683 1439 2734 εἷς
1468 2683 1525 2726 ἕω
1556 2684 1715 2735 λείπει,

794 2753 869 2799 τόν
896 2751 1114 2813 ῶρονόμον
1141 2747 1289 2805 θύσας
1317 2771 1402 2809 με;

267 2860 377 2903 idem
408 2860 509 2903 Fab.
532 2861 692 2919 Aesop.
724 2879 762 2921 p.
796 2865 866 2905 151
902 2862 966 2906 ed.
996 2863 1150 2905 Furiae
1177 2862 1235 2917 (v.
1265 2861 1496 2905 Bernhard.
1527 2862 1580 2904 ad
1609 2861 1634 2903 l.
1664 2860 1715 2917 l.)
1746 2861 1802 2904 sic
1829 2860 2010 2905 reddunt
2039 2875 2048 2901 ε
2077 2855 2102 2901 o‘
2132 2858 2169 2900 δ’
2199 2858 2258 2901 ἐκ
2286 2858 2478 2914 τέγους
2505 2858 2643 2916 κλαγ-

266 2926 338 2987 γῆν
357 2925 456 2975 εἰπε
477 2925 693 2991 φωνήσας,
722 2943 764 2977 et
794 2951 900 2993 quae
929 2933 1282 2991 Septuagintaviri
1310 2934 1510 2978 Proverb.
1540 2937 1578 2985 9,
1612 2937 1661 2976 18
1691 2934 1949 2989 scripserunt
1974 2947 1984 2973 ε
2009 2927 2053 2973 Ὁ
2081 2928 2130 2972 δὲ
2159 2923 2243 2973 οὔκ
2270 2924 2387 2974 οἶδεν
2416 2924 2483 2973 ὅτι
2511 2946 2642 2987 γηγε-

265 3006 353 3052 νεῖς
381 3007 488 3061 παρ’
529 2997 644 3063 αιῗτῇ
670 3000 881 3058 ὅλλυνται,
912 3007 983 3050 καὶ
1012 3005 1084 3049 ἐπὶ
1117 2999 1507 3062 πέταυρον”.«1ιδου
1535 3005 1729 3061 συναντᾷ,
1761 3004 1926 3060 egregie
1956 3002 2135 3058 explicat
2162 3002 2337 3045 Bachm.
2367 3003 2531 3046 Anecd.
2562 3004 2641 3047 vol.

266 3075 325 3125 11,
364 3092 404 3131 p.
443 3079 536 3127 354,
579 3081 629 3119 10
665 3076 748 3128 Εἰς
785 3073 1193 3136 πέταυρον”Αιδου,
1233 3072 1361 3134 ἤγουν
1397 3074 1461 3126 εἰς
1498 3075 1570 3120 τὸν
1608 3070 1723 3119 οἰκον
1746 3075 1825 3116 τοῦ
1841 3067 2000 3117 ’Ἅιδου
2029 3067 2118 3115 ἀπὸ
2143 3073 2326 3130 μέρους·
2355 3068 2504 3131 ὥςπερ
2533 3069 2642 3118 α’πό

264 3148 358 3202 τῆς
399 3146 593 3204 στέγης
632 3142 657 3204 ἢ
696 3147 850 3199 οἰκίας.
922 3152 1144 3192 Postremo
1174 3150 1363 3193 conferas
1407 3149 1544 3190 Photii
1585 3148 1765 3202 glossam
1795 3162 1835 3201 p.
1865 3149 1959 3195 426,
1993 3150 2055 3195 ll,
2087 3161 2194 3201 quae
2223 3147 2275 3187 ad
2306 3146 2444 3187 locum
2473 3146 2641 3187 fabulae

266 3217 562 3273 Aristophanis
592 3220 779 3276 perditae
806 3223 1017 3278 respicere
1047 3221 1197 3263 dicitur
1227 3224 1284 3274 (v.
1313 3221 1370 3262 H.
1401 3220 1545 3276 Steph.
1575 3219 1701 3260 Thes.
1732 3216 1794 3258 ed.
1826 3217 1965 3259 Didot.
1994 3218 2037 3259 in
2069 3234 2105 3258 v.
2138 3215 2355 3271 πέταυρον
2382 3234 2422 3272 p.
2457 3220 2560 3258 1012
2584 3220 2640 3258 A.

268 3291 406 3341 extr.).
464 3290 700 3347 Πέτευρον·
742 3292 833 3334 πᾶν
867 3291 916 3335 τὸ
950 3286 1113 3348 μακρὸν
1152 3291 1222 3335 καὶ
1267 3283 1496 3334 ὑπόπλατυ
1522 3291 1593 3334 καὶ
1620 3288 1842 3344 μετέωρον
1883 3281 2026 3340 ξύλον.
2068 3282 2385 3343 Ἀριστοφάνης
2433 3285 2478 3329 ἕν
2516 3288 2580 3342 ἀὖ
2618 3303 2640 3330 ε
