2955 3681
1382 94 1527 141 158

292 210 432 284 Paulo
459 241 673 283 difficilior
700 238 943 298 Theocritei
970 238 1053 282 loci
1085 239 1151 289 14,
1176 239 1245 281 41.
1275 237 1331 279 42
1364 233 1659 293 interpretatio
1688 241 1795 279 est.
1826 254 1847 276 n
1856 228 2059 291 Ὠκυεέρα
2093 232 2298 287 polonie
2331 226 2427 278 α’πο
2466 232 2689 315 δίφρανος

289 309 464 369 ἔδραμε
499 304 603 369 τὴνα
635 305 725 353 ’1θύ
763 310 825 352 δι’
860 302 1187 364 α’μφιθυρου
1222 304 1297 349 καὶ
1325 302 1545 356 δικλίδος,
1573 296 1605 361 ᾇ
1629 301 1775 355 πόδες
1801 296 1956 359 ἄγονα.
2016 306 2378 349 Wuestemannus
2419 297 2686 362 ἀμφιθύρου

292 398 396 426 voce
420 383 638 438 januam
668 380 896 437 significari
925 385 1063 436 putat,
1091 391 1202 437 quae
1230 377 1273 420 in
1302 376 1544 420 interiorem
1573 374 1740 419 aedium
1770 385 1934 433 partem
1962 375 2449 432 terat,fortasse'1psius
2477 375 2684 419 vestibuli.

289 453 528 497 Scholiasta
556 460 699 494 autem
727 452 783 494 ad
812 466 851 492 v.
880 455 934 493 42
961 444 1158 505 Ἀπικρῠ
1184 448 1283 490 τοῦ
1307 446 1470 489 οἴκου
1494 446 1575 489 τοῦ
1603 440 1713 489 διθι’
1706 459 1810 504 ρου.
1867 445 1992 499 Quae
2021 461 2106 489 non
2136 455 2221 490 tam
2250 447 2392 526 inepta
2420 461 2529 498 esse,
2556 461 2683 504 quam

290 534 453 581 partem
487 537 658 577 eorum,
701 537 813 579 quae
841 528 1082 578 sequuntur
1111 514 1425 576 πἈμφίθυρον
1450 533 1537 575 γαρ
1564 517 1639 561 καὶ
1667 516 1829 569 (danzig
1856 516 1923 571 L.)
1954 514 2178 570 δίπτυχον,
2206 511 2362 560 ταύτόν
2387 516 2495 562 ἐστι.
2549 517 2687 576 Δηλοι

290 593 343 639 δὲ
367 590 421 637 τό
448 592 675 651 δίθυρονα
699 594 788 650 jam
818 593 915 636 inde
942 590 1226 648 cognoscitur,
1255 589 1369 647 quod
1400 588 1561 632 scholia
1588 590 1638 632 Β.
1667 588 1729 631 Μ.
1760 596 1805 632 et
1833 587 1946 631 Vict.
1977 589 2031 630 ad
2059 588 2109 630 ΙΙ.
2138 589 2194 639 Ω,
2220 593 2302 631 323
2331 590 2447 644 (coll.
2477 590 2599 632 Eust.
2627 589 2682 631 ad

286 667 342 716 Ω,
373 669 475 718 238)
502 665 744 709 exhibent.
769 655 1082 719 Προθύροιο
1067 694 1078 704 .
1107 676 1164 703 τα
1201 661 1279 717 τῆς
1318 653 1456 716 adar-9
1491 658 1649 714 τειχία.
1713 652 1915 715 Κυπριοι
1954 656 2006 701 δὲ
2047 671 2228 702 παστα
2224 655 2312 702 δα
2352 651 2684 717 α’μφίθυρον

288 736 339 779 Β.
372 735 434 779 Μ.
471 733 651 779 Σικελοι
681 732 732 776 δὲ
757 731 840 791 τήν
862 726 1039 776 aviam
1066 725 1215 788 θύραν
1243 731 1298 773 V.
1355 731 1502 784 Quare
1545 733 1616 788 qui
1653 731 1951 775 Theocriteam
1990 729 2218 787 Cyniscam
2259 737 2333 773 aut
2368 746 2444 788 per
2481 732 2702 775 conclave-

288 806 505 865 quoddam
531 799 795 864 ἀμφίθυρον
821 810 899 848 aut
926 818 1004 862 per
1032 802 1219 862 spatium
1248 794 1486 860 προθύρου
1513 802 1693 859 alicujus
1720 802 1953 861 duplicibus
1981 802 2143 846 foribus
2169 802 2307 846 ornati
2326 801 2548 858 (πυλῶνος
2564 811 2681 847 certe

286 879 509 923 interiores
538 878 694 934 januas
729 877 782 920 ab
820 876 1100 921 exterioribus
1139 875 1341 919 discernit
1367 876 1536 918 VitruV.
1565 875 1644 925 VI,
1676 876 1715 926 7,
1749 878 1789 929 l)
1818 883 1871 918 et
1900 889 1978 933 per
2006 873 2209 925 δικλίδας
2235 875 2260 919 i.
2288 889 2326 918 e.
2354 874 2508 918 bifores
2536 875 2680 919 valvas

288 950 477 1008 ejusdem
517 949 722 993 transitus
760 947 958 1006 effugisse
997 948 1179 998 diceret,
1229 962 1315 989 non
1357 946 1502 1004 inepta
1543 946 1774 1002 proferret,
1823 946 1878 988 cf.
1909 946 2033 989 Voss.
2061 947 2115 988 ad
2145 948 2267 990 Arat.
2296 962 2338 1003 p.
2366 949 2418 989 37
2450 962 2561 1003 sqq„
2606 946 2680 1004 qui

287 1020 470 1065 δικλίδα
497 1021 683 1064 Theocr.
711 1020 838 1074 XIV,
866 1023 920 1061 42
949 1018 1049 1061 dicit
1077 1032 1172 1060 esse
1201 1017 1355 1060 bifores
1386 1018 1529 1060 valvas
1557 1018 1606 1060 in
1635 1017 1805 1060 aulam
1834 1017 2051 1060 ducentes.
2092 1017 2360 1073 Quamquam
2390 1016 2445 1060 ob
2472 1016 2678 1060 incertam

286 1093 494 1136 rationem
522 1092 704 1150 praedii,
744 1090 817 1134 ubi
847 1090 1085 1133 Aeschines
1115 1103 1213 1131 cum
1243 1088 1429 1144 Cynisca
1458 1095 1501 1131 et
1529 1088 1674 1132 amicis
1704 1089 1979 1146 epulabatur,
2021 1096 2065 1133 et
2100 1090 2200 1146 quia
2237 1105 2316 1132 nos
2353 1088 2486 1145 fugit,
2527 1089 2569 1131 in
2595 1104 2680 1146 qua
2731 1093 2739 1097 ”

286 1164 457 1207 aedium
486 1171 607 1221 parte
634 1161 981 1220 compotaverint,
1011 1161 1064 1203 de
1094 1175 1141 1203 re
1170 1174 1254 1203 non
1284 1160 1385 1202 satis
1413 1160 1559 1217 liquet.
1587 1185 1642 1193 —-
1670 1160 1811 1203 Etiam
1830 1150 2045 1218 Euripidis
2072 1160 2295 1204 scholiasta
2313 1186 2367 1193 —
2385 1159 2468 1203 hoc
2488 1161 2679 1206 dubitare

288 1251 374 1279 non
403 1236 506 1279 licet
531 1259 588 1267 —
615 1232 666 1278 τὸ
694 1227 977 1289 α’μφίπυλον,
1012 1232 1056 1275 in
1085 1247 1170 1289 quo
1200 1231 1412 1287 duplicem
1442 1230 1602 1275 aditum
1632 1232 1855 1283 discernit,
1894 1248 1977 1274 nou
2002 1233 2201 1288 januam,
2229 1232 2304 1276 sed
2331 1232 2471 1275 locum
2503 1233 2678 1277 biforem

208 1342 212 1349 .
287 1323 381 1352 esse
408 1308 555 1351 voluit.
613 1305 778 1350 Solus
819 1303 1025 1349 Pollux
1066 1304 1093 1348 l.
1130 1303 1157 1347 l.
1189 1303 1367 1361 januam
1396 1303 1527 1360 ipsam
1556 1311 1623 1355 et,
1672 1304 1705 1346 si
1736 1303 1861 1347 verba
1889 1304 1982 1358 ejus
2013 1313 2213 1359 corrupta
2242 1320 2325 1345 non
2353 1312 2475 1354 sunt,
2522 1319 2676 1346 unam

280 1381 479 1436 januam,
522 1378 576 1419 ab
609 1377 698 1419 aliis
730 1374 923 1434 πλαγίας
959 1376 1130 1422 nomine
1166 1375 1441 1434 appellatam,
1484 1368 1742 1433 α’μφίθυρον
1771 1390 1865 1418 esse
1896 1373 2010 1418 dicit.
2068 1374 2211 1426 Quare
2239 1392 2322 1417 non
2351 1376 2448 1417 satis
2477 1383 2677 1418 accurate

287 1452 341 1492 de
370 1450 490 1492 aedd.
519 1450 557 1500 1,
586 1464 627 1505 p.
655 1452 725 1498 31,
753 1456 897 1490 annot.
926 1450 980 1489 39
1008 1447 1089 1490 sub
1119 1453 1227 1490 extr.
1256 1446 1404 1505 scripsi
1445 1445 1698 1490 ”Pollucem
1734 1453 1961 1502 utramque
1988 1445 2165 1501 januam
2201 1451 2228 1487 4
2257 1455 2300 1488 et
2327 1452 2354 1487 4
2392 1462 2479 1487 uno
2508 1448 2677 1488 nomine

287 1509 558 1578 complexum
588 1535 722 1562 esse«.
779 1519 949 1560 Unam
979 1517 1231 1575 significavit
1257 1531 1308 1561 ac
1337 1516 1374 1560 si
1402 1517 1496 1575 quis
1523 1531 1615 1561 eam
1637 1515 1832 1562 Kuehnio
1852 1525 2025 1563 auctore
2045 1534 2083 1561 v.
2103 1533 2232 1573 supra
2251 1533 2291 1573 p.
2313 1519 2380 1568 57,
2411 1534 2451 1559 v.
2474 1520 2528 1559 29
2547 1518 2678 1573 expli-

286 1606 384 1634 care
412 1592 538 1635 vellet
559 1592 736 1646 januam
768 1583 916 1647 »οἷμφὶ
940 1587 1018 1646 τήν
1036 1582 1257 1639 abactor«,
1288 1589 1521 1646 comparari
1542 1588 1718 1632 fortasse
1737 1589 1885 1632 liceret
1904 1586 1956 1631 τό
1978 1582 2242 1646 ἀμφίθυρον
2260 1589 2285 1631 i.
2308 1604 2343 1631 e.
2363 1588 2492 1645 (apud
2511 1589 2678 1632 infimae

210 1678 213 1686 ’
285 1664 438 1707 aetatis
477 1662 721 1719 scriptores)
761 1661 928 1704 „velum
968 1661 1031 1702 ad
1070 1668 1219 1716 portas
1262 1660 1439 1703 bematis
1470 1661 1536 1703 vel
1566 1661 1770 1704 ecclesiae
1800 1661 1980 1718 expandi
2010 1659 2194 1704 solitum.
2251 1660 2397 1714 Quum
2426 1675 2525 1704 vero
2554 1676 2677 1704 nemo

286 1733 484 1778 dubitare
512 1733 662 1788 possit,
699 1732 800 1788 quin
830 1733 962 1775 altera
988 1732 1060 1774 illa
1086 1731 1168 1773 τοῦ
1193 1724 1459 1788 οἶμφιπῦλου
1481 1731 1634 1786 janua,
1665 1747 1790 1788 quam
1819 1741 1985 1789 praeter
2011 1729 2087 1788 τήν
2114 1724 2368 1788 adom-amp
2395 1732 2524 1775 schol.
2553 1729 2677 1775 Euri-

284 1806 439 1863 pideus
481 1803 826 1862 commemoravit
865 1818 1077 1859 quamque
1115 1811 1160 1845 et
1189 1805 1279 1859 ipse
1307 1795 1572 1858 ὀρσοθύραν
1599 1802 1849 1859 appellavit,
1888 1804 2033 1844 eadem
2065 1803 2117 1844 sit
2146 1811 2277 1860 atque
2309 1802 2496 1845 Pollucis
2525 1796 2678 1860 οἷμφί-

285 1878 432 1933 θυρος
449 1899 503 1906 -
522 1871 688 1930 πλαγία
706 1898 764 1906 -
780 1866 1016 1932 ὀρσοθιῖρα
1037 1889 1048 1916 :
1068 1888 1130 1916 au
1143 1879 1161 1916 t
1181 1881 1415 1930 praeeunte
1435 1873 1669 1916 Matthiaeo
1698 1888 1842 1915 vocem
1862 1874 2051 1916 Pollucis
2071 1875 2325 1917 mutabimus
2340 1899 2393 1906 —
2409 1874 2675 1918 scribendum

284 1962 379 1991 esse
409 1946 577 2003 judicat
618 1938 934 2002 »α’ντίθυροςα,
974 1952 1023 1987 ut
1058 1951 1176 1988 recte
1200 1944 1335 1999 janua
1365 1944 1527 2000 postica
1555 1945 1781 1995 indicetur,
1822 1961 1929 2001 quae
1958 1946 2130 1987 alteram
2161 1945 2385 2003 (priorem)
2416 1945 2493 1988 sibi
2521 1945 2676 1989 habeat

284 2018 525 2076 oppositam
555 2041 607 2049 -
637 2023 727 2059 aut
762 2014 1051 2072 judicabimus
1094 2025 1243 2059 contra
1285 2015 1504 2070 vulgarem
1550 2031 1672 2058 usum
1716 2010 1970 2072 ἀμφίθυρον
1998 2015 2184 2059 Pollucis
2223 2030 2316 2060 esse
2352 2016 2675 2075 »Geqenthiire«,

274 2091 480 2146 januam,
517 2103 628 2146 quae
667 2087 790 2130 alteri
822 2087 981 2144 januae
1020 2088 1074 2131 sit
1111 2088 1318 2144 opposita.
1376 2086 1506 2148 Quod
1536 2102 1647 2129 nunc
1679 2088 1846 2144 quidem
1877 2087 2011 2130 satius
2041 2103 2134 2130 esse
2164 2088 2276 2130 duco
2306 2103 2432 2144 quam
2460 2089 2675 2145 scriptoris

284 2162 410 2206 verba
447 2162 490 2204 in
528 2160 724 2203 omnibus
753 2158 891 2210 libris,
936 2159 1052 2217 quod
1081 2160 1233 2211 sciam,
1271 2160 1419 2204 eodem
1450 2158 1577 2201 modo
1606 2159 1760 2201 tradita
1789 2167 1965 2202 mutare.
2023 2159 2249 2215 Reperitur
2271 2160 2386 2210 ⁴enim
2416 2159 2673 2201 simillimum

283 2219 530 2290 exemplum
556 2231 671 2288 apud
702 2231 947 2273 Vitruvium
978 2229 1055 2283 VI,
1085 2231 1111 2272 7
1141 2229 1256 2286 (10),
1287 2234 1326 2273 2.
1387 2229 1464 2272 „In
1492 2229 1689 2286 prostadii
1725 2239 1867 2273 autem
1897 2230 2050 2273 dextra
2077 2246 2125 2273 ac
2154 2230 2322 2273 sinistra
2349 2230 2546 2273 cubicula
2574 2239 2675 2274 sunt

284 2304 521 2354 collocata,
567 2317 750 2359 quorum
794 2316 926 2344 unum
968 2301 1266 2352 thalamus,
1310 2301 1489 2344 alterum
1532 2300 1979 2357 amphithalamus
2022 2302 2230 2354 dicitur«,
2272 2301 2344 2344 ubi
2374 2301 2496 2344 codd.
2525 2317 2673 2345 omnes

283 2373 686 2431 amphithalamus
724 2372 936 2416 exhibent.
974 2372 1123 2415 Herm.
1153 2371 1380 2427 Barbarus,
1410 2371 1494 2424 alii,
1523 2387 1562 2415 v.
1594 2372 1790 2417 Schneid.
1818 2373 1872 2416 ad
1904 2373 2073 2417 VitruV.
2103 2373 2129 2416 l.
2160 2373 2199 2424 l.‚
2229 2373 2399 2417 Lobeck
2428 2374 2487 2428 ad
2511 2373 2672 2430 Phryn.

282 2464 324 2504 p.
345 2448 441 2496 252,
468 2460 565 2488 ann.
594 2447 615 2497 †
644 2460 685 2486 v.
706 2449 747 2495 2,
778 2444 1167 2486 »antithalamus«
1198 2443 1483 2499 conjecerunt.
1542 2444 1748 2488 Codicum
1769 2445 1991 2490 lectionem
2013 2445 2047 2489 si
2068 2454 2250 2499 tuemur,
2281 2445 2674 2504 amphithalamus

281 2532 417 2576 aeque
460 2516 691 2574 respondet
732 2515 947 2566 thalamo,
992 2524 1122 2571 atque
1162 2509 1462 2572 ἀμφίθυρος
1503 2508 1629 2572 θύρᾳ
1670 2511 1920 2575 αὖθεντικῇ.
1991 2518 2224 2574 Utcunque
2252 2517 2383 2574 igitur
2412 2518 2493 2560 hoc
2521 2532 2671 2561 nomen

281 2588 436 2639 habet,
479 2587 562 2630 hoc
598 2593 764 2630 certum
795 2586 898 2636 erit,
941 2585 976 2628 si
1005 2585 1218 2643 Euripidis
1247 2587 1437 2630 scholion
1467 2589 1800 2643 comparaveris,
1840 2604 1865 2631 a
1894 2589 2074 2632 Polluce
2103 2589 2176 2632 illo
2205 2588 2411 2632 vocabulo
2441 2588 2670 2632 alteram

280 2660 494 2718 quandam
528 2658 708 2715 januam
736 2657 816 2700 loci
847 2656 992 2700 biforis
1020 2656 1219 2708 indicari,
1251 2674 1359 2715 quae
1388 2658 1538 2701 eadem
1568 2659 1620 2701 ab
1650 2659 1840 2703 Homero
1870 2653 2107 2717 ὀρσοθύρα
2136 2667 2324 2704 vocetur.
2380 2658 2503 2714 Quae
2532 2661 2671 2718 opinio

280 2731 472 2791 profecto
500 2729 553 2772 ab
584 2728 932 2785 interpretatione
966 2744 1146 2781 „magna
1169 2730 1299 2784 janua
1326 2730 1369 2772 in
1392 2746 1557 2772 summo
1583 2732 1741 2786 pariete
1762 2732 1802 2773 in
1823 2734 1997 2773 modum
2016 2732 2228 2774 fenestrae
2247 2739 2419 2788 apertae
2443 2731 2671 2788 plurimum

281 2802 453 2845 diflert-e
486 2800 681 2858 videtur,
721 2813 854 2856 quare
885 2798 1173 2842 Bernhardius
1201 2800 1254 2842 ad
1284 2799 1440 2844 Suidae
1469 2801 1654 2855 glossam
1685 2801 1742 2854 11,
1774 2806 1879 2845 1170
1912 2796 2198 2859 „D90030'0q.
2230 2798 2355 2861 θύρα
2382 2801 2425 2845 ἐν
2455 2795 2561 2859 ὕψει
2589 2802 2672 2844 τοῦ

278 2872 455 2927 τοίχουα
496 2873 612 2915 addit
639 2889 649 2915 :
680 2871 985 2915 „Diversam
1024 2870 1345 2927 explicationem
1386 2872 1579 2929 sequitur
1609 2871 1747 2915 Schol.
1777 2874 1925 2932 Eurip.
1956 2874 2072 2917 Med.
2107 2876 2225 2918 135«.
2260 2899 2305 2907 —
2339 2874 2423 2918 Sed
2454 2872 2600 2931 quidni
2628 2874 2670 2916 in

280 2946 497 3002 superiore
526 2943 869 3000 contignatione,
910 2942 1079 3001 qualem
1110 2958 1240 3001 supra
1268 2945 1592 3003 descripsimus,
1623 2946 1835 3003 utrimque
1865 2947 2003 2997 soreS,
2034 2947 2114 2990 hac
2144 2955 2265 3004 parte
2294 2939 2573 3004 ὀρσοθύραν,
2601 2945 2674 2989 illa

278 3015 356 3075 τήν
391 3008 671 3070 αὕθεντικήν,
711 3024 878 3071 apertas
907 3015 1039 3057 fuisse
1066 3016 1316 3071 cogitemus.
1386 3017 1514 3060 Certe
1544 3013 1748 3075 δίθυρα
1775 3019 1863 3061 sive
1893 3011 2181 3074 α’μφίθυρα
2238 3014 2299 3060 »ὁ
2319 3033 2354 3060 π
2374 3032 2396 3059 ε
2418 3033 2444 3075 ρ
2465 3019 2503 3072 (ῤ’
2525 3033 2588 3060 αα
2645 3033 2671 3060 a

278 3090 545 3134 Graecorum
583 3087 771 3130 moribus
799 3086 938 3130 aliena
966 3103 1050 3129 non
1078 3087 1265 3130 fuerunt.
1321 3088 1436 3142 Quid
1465 3088 1609 3132 enim?
1664 3088 1846 3146 Δίθυρα
1874 3089 1945 3132 illa
1974 3089 2146 3147 (Polyb,
2178 3091 2245 3140 27,
2278 3093 2314 3140 l,
2344 3090 2405 3144 6),
2435 3088 2534 3131 sub
2562 3103 2671 3145 quae

279 3159 484 3203 Ismenias
514 3159 707 3216 confugit
737 3173 930 3216 quaeque
961 3158 1249 3202 Schneiderus
1276 3159 1318 3202 in
1341 3160 1484 3221 ¹lexico
1514 3162 1554 3203 in
1588 3176 1690 3204 voce
1721 3163 2019 3218 interpretatur
2049 3166 2159 3205 »eine
2178 3162 2292 3219 Loqe
2321 3161 2444 3203 mit2
2471 3162 2673 3210 Diic'rem,

280 3246 422 3276 nonne
462 3239 560 3274 sunt
599 3231 724 3275 sedes
765 3231 1002 3288 legatorum
1031 3232 1319 3274 Romanorum
1358 3233 1401 3276 in
1442 3233 1633 3283 theatro,
1676 3233 1747 3276 ubi
1785 3233 1931 3277 concio
1970 3233 2204 3276 habebatur
2243 3233 2317 3288 (cf.
2346 3232 2484 3275 Herm.
2514 3231 2671 3275 Staats-

278 3305 435 3348 altertlt.
466 3309 492 3354 S
516 3304 615 3354 128,
645 3303 768 3347 Anm.
789 3304 820 3345 9
829 3320 846 3354 ;
877 3301 926 3346 O.
958 3303 1127 3354 Muller,
1156 3303 1325 3347 Handb.
1354 3304 1395 3347 d.
1427 3306 1549 3348 Arcti.
1578 3306 1616 3347 d.
1646 3305 1702 3348 K.
1730 3305 1801 3346 3ίῦο
1831 3305 1943 3361 Aufl.
1972 3310 1999 3356 S
2016 3305 2122 3356 289,
2149 3305 2200 3361 3)
2230 3306 2271 3347 in
2300 3305 2435 3360 primo
2462 3304 2671 3361 graduum
