2955 3681
1468 89 1530 133 76

299 234 466 285 νίοκοις
491 232 747 293 θεραπείαν
770 247 820 275 τε
845 231 922 275 καὶ
947 225 1102 274 οἶκον
1128 229 1350 288 ἐξαίρετον
1377 223 1617 285 α’πέδειξεα
1649 239 1693 276 et
1712 247 1842 291 supra
1862 248 1902 291 p.
1922 235 1989 285 65,
2012 249 2050 278 v.
2072 232 2155 277 27
2144 248 2185 276 ιιι
2205 230 2358 276 Galeni
2375 230 2471 275 loco
2490 229 2617 273 verba
2635 225 2705 280 εἰς

298 304 376 350 τόν
402 300 486 349 οἶκ
498 322 575 358 ον,
603 307 650 348 ἐν
675 297 712 361 ᾧ
737 300 796 348 toi
823 295 1016 363 κεράμια
1043 302 1322 352 κατετίθετο,
1351 309 1571 359 praeterea
1598 302 1776 346 similem
1805 319 1930 348 usum
1961 306 2074 349 vocis
2102 303 2277 362 οἴκημα,
2309 302 2466 346 Herod.
2486 301 2521 352 Ι,
2542 305 2568 346 9
2588 302 2700 345 med.

302 374 379 423 mi
403 377 612 434 οἴκημα
639 375 684 421 ἐν
704 376 772 432 τῷ
794 367 1086 429 κοιμιᾶμεθαα
1118 376 1294 419 0011.12
1325 372 1398 424 »ἐς
1422 388 1503 416 τον
1531 371 1790 427 θάλαμονα,
1818 384 1862 419 et
1881 376 1991 420 plat,
2011 375 2188 432 Protgg
2208 377 2302 431 315
2325 374 2365 418 D
2399 370 2469 417 »ἐν
2495 364 2704 431 «invinari

300 465 387 494 τινι
414 465 452 493 κ.
481 465 520 493 τ.
551 448 591 491 λ.
603 464 626 487 α
656 456 699 492 et
727 448 856 491 aliis
844 464 888 491 m
914 448 982 498 ll.,
1025 447 1109 489 vid.
1140 448 1239 489 Ast.
1268 445 1389 488 lexic.
1418 445 1528 488 Plat.
1558 447 1600 488 iu
1629 460 1670 487 v.
1687 460 1698 496 ;
1745 454 1965 504 postremo
2008 448 2060 491 de
2101 461 2204 491 voce
2241 443 2437 490 οἰκίσκον
2473 444 2605 490 Βοτν.
2644 443 2701 489 ad

301 520 461 567 Charit.
490 536 532 578 p.
561 521 643 564 426
672 519 727 564 ad
759 518 816 572 V,
845 521 897 572 93
939 536 981 578 p.
1011 522 1078 563 88.
1107 535 1147 561 v.
1176 521 1215 561 9.
1243 543 1297 550 -
1326 543 1380 550 -
1410 516 1678 562 Scholiorum
1720 518 1851 573 igitur
1893 533 2024 576 supra
2064 520 2333 563 laudatorum
2374 525 2599 577 praecepta
2641 516 2701 561 ita

302 608 472 652 sequor,
501 600 551 636 ut
580 591 960 650 apud.Homerum
977 591 1216 634 vmulierum
1245 589 1374 631 aedes
1403 589 1538 632 dicam
1569 603 1787 647 nunquam
1817 604 1902 633 non
1931 604 2058 647 posse
2087 591 2190 648 fingi
2220 605 2316 635 cum
2345 585 2571 648 ὐπερῴοις
2598 604 2700 634 con-

295 666 470 724 junctas
498 664 653 716 fuisse,
702 679 788 722 quo
829 678 875 707 se
916 663 1158 720 reciperent
1199 662 1379 705 feminae
1417 669 1460 704 et
1500 677 1698 719 magnam
1734 669 1900 718 partem
1928 662 2148 706 cubarent.
2206 663 2272 706 De
2301 662 2497 706 cubiculo
2526 661 2703 721 nuptiali

299 737 509 782 dubitatio
539 735 804 795 relinquitur.
859 734 971 779 Nam
1015 734 1180 779 etiamsi
1223 732 1424 777 Ulixeum
1467 733 1708 777 cubiculum
1750 732 1792 777 in
1834 732 2031 778 inferiore
2069 734 2238 779 aedium
2276 742 2397 793 parte
2434 742 2701 778 exstructum

301 812 432 855 fuisse
460 809 859 859 demonstravimus,
889 806 1125 864 quaeritur,
1155 821 1208 849 an
1228 804 1309 848 hoc
1331 804 1578 849 cubiculum
1606 821 1739 863 aeque
1765 805 1892 849 fuerit
1919 806 2016 848 loco
2037 806 2202 863 insigne
2221 817 2349 865 atque
2368 808 2504 851 lectus
2524 807 2700 863 genialis

301 885 397 941 ejus
424 882 586 940 sponda
613 881 696 925 fuit
723 880 915 935 insignis.
975 879 1038 922 At
1067 878 1244 921 aliorum
1275 892 1445 935 quoque
1476 877 1653 920 heroum
1684 877 1898 928 cubicula,
1929 885 1978 919 ut
2005 877 2196 921 Nestoris
2226 884 2266 930 3,
2295 884 2400 931 402,
2446 879 2631 923 Menelai
2659 884 2700 933 4,

303 961 400 1007 304,
429 953 603 997 Alcinoi
633 954 672 1003 7,
701 955 798 1002 346,
827 950 1007 993 Achillis
1037 949 1117 1000 IX,
1148 953 1243 999 663,
1273 948 1368 991 coll.
1396 948 1572 1001 XXIV,
1605 951 1709 999 675,
1752 949 1906 1006 quippe
1945 949 2033 1006 qui·
2057 948 2253 993 dicantur
2285 951 2413 1007 μυχῷ
2450 942 2591 1004 δόμου
2629 951 2700 994 vel

300 1026 470 1085 κλισίης
499 1025 722 1076 cubuisse,
763 1025 806 1067 in
836 1022 1033 1066 inferiore
1062 1028 1183 1080 parte
1211 1020 1456 1065 interiorum
1485 1021 1656 1065 aedium
1683 1021 1812 1066 fuisse
1840 1020 2059 1073 videntur,
2095 1038 2191 1066 nam
2221 1024 2385 1074 scalae,
2422 1041 2527 1081 quas
2555 1040 2700 1068 ascen-

301 1101 484 1153 dissent,
528 1098 645 1140 nullo
683 1097 780 1138 loco
816 1100 1215 1156 commemorantur.
1283 1092 1469 1136 Vulcani
1505 1093 1740 1136 thalamum
1777 1096 1823 1145 8,
1852 1093 1929 1136 277
1967 1093 2045 1137 sub
2081 1085 2302 1150 μελάθρῳ
2342 1097 2532 1152 proxime
2566 1090 2701 1149 μυχόν

301 1180 346 1214 et
374 1172 518 1212 focum
548 1168 640 1210 oeci
666 1168 855 1208 virorum
885 1166 1010 1207 situm
1041 1165 1170 1207 fuisse
1195 1165 1284 1220 jam
1313 1178 1443 1220 supra
1472 1178 1571 1221 pag.
1601 1168 1651 1207 41
1686 1165 1771 1209 init.
1801 1164 2066 1221 collegimus,
2104 1164 2164 1208 ita
2192 1172 2241 1208 ut
2270 1165 2325 1209 de
2354 1158 2545 1224 ὑπερῴῳ
2584 1167 2701 1211 cubi-

302 1242 402 1286 culo
432 1239 608 1296 cogitari
637 1246 834 1295 nequeat.
892 1237 1099 1287 Accedit,
1131 1237 1245 1293 quod
1275 1238 1360 1286 eis,
1391 1237 1464 1291 qui
1494 1251 1534 1279 V.
1564 1240 1646 1278 304
1676 1244 1720 1278 et
1747 1239 1828 1278 325
1856 1234 1901 1278 ἐν
1925 1229 2245 1295 προῧυροισι
2233 1253 2259 1280 1.
2289 1252 2347 1289 e.,
2377 1237 2455 1281 nisi
2483 1237 2628 1291 fallor,
2657 1239 2700 1283 in

301 1312 524 1372 principali
552 1310 644 1355 oeci
673 1310 860 1353 virorum
883 1309 1037 1366 janua,
1077 1309 1243 1350 stetisse
1271 1307 1490 1357 dicantur,
1522 1308 1754 1350 thalamum
1786 1309 1826 1349 in
1856 1317 2084 1365 conspectu
2110 1309 2244 1351 fuisse
2272 1324 2446 1353 necesse
2477 1318 2554 1352 est.
2612 1310 2700 1354 Sed

302 1393 352 1429 ut
381 1385 460 1428 hac
488 1397 534 1427 re
561 1388 684 1426 certo
715 1380 829 1426 effici
857 1379 1025 1424 videtur
1054 1379 1296 1423 cubiculum
1327 1378 1553 1437 nuptiale‘
1543 1396 1586 1423 m
1624 1371 1814 1436 ὑπερῴῳ
1858 1396 1940 1423 non
1981 1380 2129 1431 fuisse,
2177 1382 2236 1424 ita
2279 1398 2388 1424 nova
2429 1383 2520 1439 jam
2567 1384 2700 1426 oritur

302 1456 520 1501 dubitatio,
576 1455 620 1498 Is
647 1453 886 1505 thalamus,
929 1453 1001 1511 qui
1040 1451 1117 1495 sub
1152 1443 1374 1508 μελάθρῳ
1413 1451 1507 1495 oeci
1542 1452 1727 1495 virorum
1758 1453 1799 1495 in
1829 1460 2056 1509 conspectu
2080 1453 2237 1508 januae
2265 1453 2504 1512 principalis
2532 1456 2699 1513 positus

304 1535 419 1580 erat,
447 1542 546 1585 pars
574 1525 824 1569 interiorum
853 1525 1044 1576 aedium,
1071 1525 1149 1581 τῆς
1176 1521 1549 1579 γυναικωνίτιδος,
1581 1539 1671 1567 esse
1700 1539 1785 1566 non
1815 1524 1964 1581 potuit.
2020 1525 2180 1569 Tamen
2210 1541 2235 1568 a
2262 1541 2365 1569 vero
2394 1542 2478 1569 non
2507 1528 2702 1572 aberrare

303 1610 504 1660 putamus
543 1614 661 1653 eum,
701 1597 774 1654 qui
809 1596 927 1640 Ulixi
963 1597 1195 1639 thalamum
1230 1597 1271 1638 in
1300 1596 1569 1638 interioribus
1601 1596 1774 1654 aedibus
1805 1597 2009 1647 collocet,
2054 1596 2107 1639 cf.
2136 1601 2202 1650 23,
2231 1600 2452 1642 291-300
2481 1607 2524 1644 et
2551 1597 2702 1657 ἕρκεος

301 1668 428 1722 ἐντός
442 1675 508 1724 23,
527 1672 607 1714 190
626 1668 739 1725 (0011.
756 1683 882 1725 supra
898 1685 939 1726 p.
957 1671 1023 1720 65,
1041 1684 1079 1710 v,
1091 1671 1156 1711 33.
1173 1669 1258 1722 34).
1288 1668 1493 1724 Idemque
1515 1667 1667 1722 conjici
1695 1683 1787 1723 pos
1802 1683 1855 1711 se
1886 1668 1937 1711 de
1954 1669 2145 1711 thalamis
2172 1672 2326 1726 μυχῷ
2355 1664 2527 1724 δόμου
2555 1673 2699 1729 positis

303 1759 428 1788 nemo
448 1741 633 1799 negabit.
664 1739 749 1783 Sed
770 1753 910 1796 neque
937 1739 1062 1782 haec
1094 1738 1223 1781 verba
1250 1730 1388 1790 μυχόν
1416 1739 1509 1781 oeci
1538 1738 1725 1780 virorum
1752 1740 1878 1795 plane
1908 1739 2142 1782 excludunt
2169 1757 2306 1798 neque
2335 1743 2474 1785 omnia
2502 1745 2701 1787 cubicula

304 1813 511 1872 nuptialia
538 1813 627 1856 sive
653 1810 886 1855 Homerica
914 1811 1000 1853 sive
1028 1809 1259 1866 posteriore
1290 1817 1430 1853 aetate
1458 1809 1610 1853 eodem
1639 1810 1733 1853 loco
1763 1811 2003 1866 cogitentur
2032 1826 2203 1857 necesso
2232 1822 2309 1858 est.
2365 1815 2504 1873 &ipra
2533 1818 2595 1873 (p.
2628 1816 2700 1873 74)

306 1887 487 1931 vidimus
520 1883 739 1941 Euphileti
768 1877 990 1936 δωμάτιον
1011 1882 1144 1937 janua
1171 1875 1376 1938 μεταιῖλῳ
1407 1884 1460 1925 ab
1487 1882 1751 1926 andronitide
1779 1883 1909 1928 fuisse
1938 1883 2181 1937 seclusum3
2210 1899 2233 1928 e
2263 1888 2478 1931 contrario
2508 1889 2699 1934 Galenus

304 1961 400 2004 loco
430 1973 561 2016 supra
589 1974 631 2016 p.
652 1959 705 2000 65
737 1958 947 2013 exscripto
975 1955 1164 1998 κοιτῶνα
1193 1954 1391 1997 describit
1420 1970 1471 1997 ex
1501 1964 1683 2011 utraque
1712 1954 1900 2012 ἐξέδρας
1927 1965 2049 2013 parte
2077 1957 2357 2009 collocatum;
2385 1957 2569 2016 ἐξέδραν
2587 1962 2701 2005 illam

306 2039 447 2075 autem
485 2029 613 2085 μυχῷ
651 2028 743 2072 oeci
770 2027 1011 2077 Homerici,
1053 2042 1185 2083 prope
1214 2041 1343 2083 quem
1374 2026 1560 2069 Vulcani
1589 2026 1823 2070 thalamum
1852 2029 2096 2085 posuimus,
2135 2029 2262 2074 fuisse
2291 2030 2544 2075 simillimum
2575 2048 2699 2077 nemo

304 2119 388 2147 non
419 2101 548 2146 videt.
607 2100 746 2144 Etiam
776 2099 1127 2143 Vitruvianorum
1157 2099 1474 2149 cubiculorum,
1514 2099 1688 2141 thalami
1718 2106 1759 2141 et
1787 2100 2126 2156 amphithalami,
2168 2101 2291 2144 locus
2320 2118 2344 2145 a
2374 2103 2523 2147 Galeni
2551 2104 2701 2148 adum-

304 2173 497 2218 bratione
534 2188 621 2216 non
658 2172 784 2229 plane
822 2171 1041 2222 abhorret,
1086 2169 1294 2228 siquidem
1330 2185 1479 2214 eorum
1510 2170 1758 2213 sententiam
1787 2171 2074 2227 amplecteris,
2117 2173 2189 2230 qui
2218 2174 2363 2217 dicunt
2388 2177 2700 2232 gynaeconitim

306 2246 494 2289 Vitruvii
521 2244 619 2300 (VI,
650 2246 674 2287 7
703 2243 857 2302 [vulgo
880 2241 962 2301 10],
990 2243 1008 2297 §
1044 2246 1165 2297 1-3)
1194 2243 1544 2300 simplicissimam
1575 2242 1834 2285 Graecarum
1864 2243 2027 2287 aedium
2056 2244 2281 2300 imaginem
2311 2248 2563 2306 exprimere,
2592 2264 2703 2307 quae

306 2332 411 2362 ceco
441 2316 626 2360 virorum
656 2315 783 2374 plane
812 2314 995 2359 caruerit
1023 2315 1098 2372 (K.
1129 2314 1203 2358 Fr.
1231 2315 1448 2359 Hermann
1476 2315 1653 2357 Zusiitze
1680 2331 1731 2357 zu
1758 2315 1883 2358 Beck.
1914 2315 2102 2360 Charikl.
2131 2319 2173 2360 2.
2200 2319 2332 2376 Ausy.
2368 2336 2410 2378 p.
2441 2323 2489 2361 91
2523 2329 2630 2363 extr.
2660 2329 2706 2365 et

307 2394 360 2434 92
388 2390 546 2449 prim.).
603 2388 715 2431 Nam
759 2386 795 2431 si
837 2387 949 2431 inter
992 2386 1256 2444 peristylium
1302 2386 1577 2430 Vitruvianae
1620 2387 1950 2442 gynaeconiticlis
1989 2396 2030 2431 et
2066 2388 2201 2446 ipsam
2242 2389 2414 2433 domum
2445 2406 2498 2433 ex
2527 2393 2702 2449 antiquo

307 2463 573 2506 Graecorum
601 2475 721 2504 more
747 2474 899 2503 oecum
929 2458 1114 2501 virorum
1150 2459 1419 2514 interponere
1458 2458 1586 2507 velis,
1635 2459 1866 2515 prostasffl)
1908 2460 1996 2502 sive
2033 2467 2244 2517 parastas,
2292 2476 2317 2504 a
2359 2462 2481 2518 cujus
2523 2470 2704 2521 utraque

308 2540 428 2591 parte
456 2530 716 2576 architectus
745 2530 980 2574 thalamum
1009 2539 1053 2573 et
1071 2530 1440 2585 amphithalamum
1463 2529 1701 2580 collocavit,
1729 2531 2002 2589 respondebit
2022 2532 2176 2577 Galeni
2194 2532 2359 2592 ἐξέδρᾳ
2374 2533 2443 2590 ²⁰),
2471 2533 2702 2580 Homerico

443 2793 486 2838 ¹⁸)
509 2794 533 2828 ἰ
552 2805 582 2828 ο.
601 2788 788 2844 προστφον
805 2803 835 2826 v.
850 2793 934 2827 Hes.
947 2787 1119 2842 προστάς
1144 2788 1324 2841 πρόσγειον
1348 2798 1382 2827 et
1406 2788 1592 2843 πρόδομος.
1617 2806 1685 2839 erpo
1667 2801 1729 2828 06r
1714 2808 1773 2837 τας
1807 2810 1853 2840 ηρ
1858 2790 1991 2831 ὅστοο
1972 2811 2000 2830 ν.
2025 2796 2101 2828 0011.
2125 2793 2301 2848 προδόμῳ.
2324 2795 2508 2847 προστᾶδι,
2531 2795 2703 2848 προστόφ

308 2853 421 2885 Etiam
446 2847 662 2918 ηρξσῐασις,
692 2859 780 2892 quae
804 2860 871 2881 vox
896 2851 929 2882 in
955 2849 1180 2890 inscriptione
1205 2849 1298 2882 aedis
1323 2850 1500 2883 Minervae
1526 2848 1696 2890 Poliadis,
1728 2849 2016 2892 Boeckh.C.1.,
2047 2852 2173 2892 vol.1,
2205 2856 2703 2895 p.263,e01.1,v.77-1v

308 2908 353 2959 τῇ
373 2923 443 2956 προ
424 2905 566 2945 οστάσει
591 2923 634 2957 η
656 2903 746 2956 πρδς
768 2922 834 2943 τοι·
857 2902 1076 2957 θυρόιια-τος
1101 2912 1134 2937 et
1158 2907 1213 2936 alii
1193 2916 1234 2937 ns
1259 2908 1344 2938 locis
1368 2908 1481 2940 iuvem
1474 2908 1556 2947 itur,
1581 2906 1683 2946 idem,
1708 2907 1799 2947 quod
1820 2905 1991 2957 προστάς,
2014 2909 2199 2953 significat,
2224 2919 2254 2943 v·
2279 2909 2449 2953 Hsrpocr.
2477 2910 2531 2944 ed.
2554 2911 2642 2946 Bek.
2665 2912 2702 2945 in

310 2976 341 3001 v.
373 2969 572 3015 προστασία
602 2975 635 3008 1).
668 2967 745 3007 150,
775 2975 810 2997 v.
840 2966 912 2998 9-
894 2964 1070 3015 οΔίδυμος
1099 2977 1164 3011 την
1193 2970 1409 3011 προστασίαν
1438 2968 1566 3013 φφσὶκ
1550 2966 1690 2998 κεῖσθαι
1720 2960 1797 3000 ἀντὶ
1825 2980 1888 3001 του
1916 2961 2222 3015 προστάσεως,
2253 2973 2417 3005 τουτέστι
2438 2965 2500 3018 τῖς
2522 2982 2571 3004 vn
2607 2972 2702 3007 ὀνίαν

309 3019 557 3074 προστάδος
580 3025 800 3075 καλουμόιης.

443 3091 488 3133 ιο)
511 3088 671 3140 'figam
703 3094 820 3124 ,ntem
852 3093 932 3134 ,μω
963 3100 1041 3125 eum
1072 3085 1248 3140 “90610'151
1278 3089 1351 3123 sive
1375 3085 1551 3140 ηροστῷφ
1575 3092 1620 3129 et,
1647 3093 1813 3131 quatenus
1839 3092 1968 3126 aditum
1993 3092 2038 3126 sd
2061 3094 2200 3129 domum
2225 3095 2397 3138 quandam
2420 3095 2600 3139 significat,
2624 3106 2703 3131 cum

310 3145 514 3200 ααραστάδι
544 3149 739 3192 comparari
770 3149 947 3193 colligitur
977 3158 1022 3182 ex
1053 3149 1167 3182 verbis
1198 3147 1322 3181 scholii
1352 3147 1584 3191 Porphyriani
1615 3147 1738 3187 (Bekk.
1762 3149 1887 3183 Scholl.
1917 3151 1953 3183 in
1978 3151 2076 3184 Iliad.
2103 3157 2134 3194 I,
2157 3154 2213 3195 90,
2238 3163 2271 3196 p.
2297 3155 2400 3195 2⁴4⁸,
2425 3155 2514 3198 27);
2538 3158 2614 3204 ¹2⁸⁴
2636 3169 2703 3205 7¹¹0

310 3203 353 3244 τὸ
386 3211 517 3244 κλίσιον
545 3203 735 3258 αναλογίαν
766 3221 846 3244 τινα
876 3221 970 3257 στρος
999 3222 1047 3244 τα
1078 3219 1247 3244 τοιαυ-τα,
1279 3221 1370 3255 προς
1398 3221 1466 3251 τας
1496 3199 1704 3249 παστάδας,
1734 3204 1929 3260 πρόδομος,
1962 3209 2139 3260 ἐξέδρα·
2162 3207 2428 3262 προφκοδόμρτο
2448 3207 2514 3261 γαρ
2539 3206 2704 3262 οῐκᾷσιος

310 3279 405 3311 τινος
428 3261 447 3315 ἡ
471 3261 611 3309 αασ-τάς
633 3268 691 3302 καὶ
713 3280 733 3316 η
758 3260 1010 3316 προπαραστας
1034 3268 1090 3301 καὶ
1114 3278 1134 3300 ο
1157 3259 1332 3314 ηρόδοιιος
1354 3259 1518 3313 καθάπερ
1544 3266 1599 3299 καὶ
1622 3277 1776 3315 τουιομα
1798 3266 1883 3315 δρλο
1886 3273 1920 3303 ἰ·
1945 3262 2055 3304 ια’λλο
2080 3263 2111 3304 δ’
2137 3273 2184 3305 dri
2208 3265 2373 3320 προδόμῳ
2395 3264 2556 3319 πρόσθεν
2582 3266 2702 3307 θαλεί-

310 3337 390 3375 μαο
415 3317 583 3373 θυράων·
609 3323 652 3355 11.
673 3322 735 3366 tx,
761 3324 826 3384 473
851 3322 926 3367 (ubi
948 3321 1101 3357 Bokkeri
1124 3320 1363 3364 paraphrastes
1386 3325 1498 3372 ἕτερον
1522 3321 1560 3357 δό
1584 3325 1619 3356 ὃν
1642 3320 1699 3365 ‹f›
1722 3319 1931 3372 αροστόφ
1953 3328 2155 3377 ἱμαροσθιν
2177 3324 2250 3363 τᾶν
2273 3323 2337 3362 τοῖν
2359 3321 2532 3379 θαλάμου
2549 3325 2703 3377 &9320-
