2955 3681
1385 122 1451 171 85

228 273 283 314 ad
311 271 421 317 hanc
448 285 538 315 rem
568 278 660 315 erat
688 282 821 317 oecus
848 269 1096 320 mulierum,
1137 268 1249 313 unde
1275 269 1384 312 inter
1408 282 1554 312 servas
1583 268 1755 322 sedens,
1791 267 1943 324 quibus
1971 283 2078 326 opus
2104 269 2342 328 imperabat
2371 270 2445 321 (cf.
2475 285 2607 331 supra

226 343 285 395 ΙΙ,
313 359 355 401 p.
384 346 436 386 25
464 351 597 397 extr.;
626 345 680 384 26
708 342 852 397 prim.)
881 341 1007 383 etiam
1038 341 1102 391 17,
1131 343 1227 391 492,
1257 339 1353 382 coll.
1381 342 1478 390 506,
1507 339 1646 403 sentit,
1674 354 1783 396 quae
1811 339 1853 382 in
1881 354 1985 382 occo
2014 340 2125 383 facta
2153 343 2259 391 sint,
2295 351 2339 384 et
2365 342 2606 386 Eumaeum

226 416 269 458 in
304 430 411 459 oeco
446 415 632 458 virorum
669 421 909 456 versantem
938 411 1014 468 (cf.
1044 427 1084 455 v.
1112 412 1212 466 380)
1239 409 1427 468 appellat
1455 426 1495 454 v.
1523 412 1617 455 507.
1673 410 1813 454 Etiam
1856 406 1921 462 17,
1949 414 2003 454 36
2040 411 2267 456 clamorem
2305 429 2524 458 servarum
2562 416 2607 459 in

228 502 329 531 occo
362 488 552 530 virorum
579 484 884 528 Telemachum
914 483 1207 527 advenientem
1236 482 1510 526 salutantium
1539 498 1593 525 ex
1621 483 1770 526 eodem
1801 482 1896 525 loco
1925 482 2092 525 audisse
2122 483 2303 528 videtur.
2361 485 2606 544 Utrumque

229 558 369 602 locum
393 557 483 613 jam
515 555 691 600 Vossius
720 555 866 599 attulit
893 555 957 599 ed.
986 554 1116 612 princ.
1144 563 1279 613 repet.
1309 553 1549 598 Germanic.
1579 553 1934 611 interpretationis
1962 571 2005 612 p.
2033 555 2130 606 457,
2157 571 2253 614 ann.
2281 558 2347 601 27.
2375 583 2429 591 -

364 628 511 682 Quum
540 628 593 671 de
622 626 746 670 scalis
776 627 925 670 domus
952 626 1179 670 mulierum
1207 640 1337 683 supra
1364 641 1404 682 p.
1434 627 1486 669 75
1514 633 1610 669 ante
1637 625 1762 677 med„
1791 626 1843 668 de
1870 625 2033 669 foribus
2062 625 2115 668 ad
2144 625 2454 672 deformationis
2483 644 2524 673 n.
2551 633 2608 682 8⁴,
2630 632 2686 665 D·
2714 629 2889 664 ΟΜ·

229 713 401 755 suprap.
411 702 478 749 67,
489 714 529 741 v.
541 702 593 740 28
604 711 693 753 sqq.
704 712 767 754 3p.
781 699 848 747 68,
864 712 904 738 v.
916 697 968 739 27
980 712 1070 754 sqq.
1084 704 1127 740 et
1142 696 1210 739 all.
1227 696 1270 738 ll.
1282 697 1499 738 occasione
1515 695 1613 737 data
1627 695 1757 738 verba
1769 695 2009 748 fecerimus,
2030 697 2083 738 de
2097 697 2246 739 ceteris
2261 705 2404 740 autem
2418 699 2608 755 ejusdem
2740 684 2793 708 ω’

230 770 381 812 domus
409 769 596 827 partibus
621 777 790 825 praeter
819 782 915 819 eaS,
958 783 1064 825 quas
1092 767 1218 811 modo
1247 766 1544 817 tractavimus,
1587 765 1689 808 nihil
1727 766 1851 823 plane
1886 766 2089 810 traditum
2127 767 2207 819 sit,
2246 766 2337 824 jam
2366 767 2610 827 disputandi

228 842 355 885 finem
390 841 648 891 faceremus,
692 839 770 883 nisi
807 839 939 883 tribus
977 839 1118 883 verbis
1154 839 1331 882 latinum
1371 831 1580 896 ὑπερῴου
1616 852 1771 880 nomen
1814 852 2143 882 commemorare
2172 838 2336 881 liberet.
2393 841 2611 886 Ausonius

230 914 338 956 enim
379 912 587 955 Periocha
623 912 759 969 prima
800 911 842 953 in
881 911 1117 967 Odysseam
1156 910 1264 964 (sub
1304 907 1442 964 extr.)
1477 908 1574 951 ita:
1607 907 1787 961 »Quem
1825 907 2109 964 (Phemium)
2153 909 2369 966 Penelope
2412 911 2612 968 degressa

230 983 579 1033 Chalcidico,
622 990 871 1038 argumento
913 992 999 1025 tam
1042 981 1289 1024 miserabilis
1330 979 1489 1023 offensa
1528 980 1750 1032 materiae,
1795 989 1841 1022 ut
1868 979 1949 1022 alia
1977 981 2195 1032 concinat,
2238 982 2534 1026 adhortatur«.
2570 993 2614 1028 et

230 1055 434 1098 Periocha
463 1058 517 1097 23
547 1053 959 1097 „Chalcidicum
997 1068 1147 1109 gressu
1177 1052 1319 1095 nutrix
1350 1053 1577 1109 superabat
1606 1052 1704 1094 anili
1717 1068 1753 1094 ιι.
1809 1051 1948 1094 Nemo
1978 1067 2064 1094 non
2092 1053 2209 1095 videt
2238 1053 2450 1110 prioribus
2476 1056 2613 1099 verbis

229 1127 359 1183 tangi,
388 1142 496 1182 quae
525 1124 745 1181 Odysseae
776 1126 965 1168 versibus
999 1130 1036 1176 1,
1065 1129 1145 1167 328
1174 1141 1265 1182 sqq.
1297 1125 1404 1167 »τοῦ
1430 1124 1469 1167 δ’
1496 1114 1777 1180 ὑπερωιόθεν
1802 1123 1938 1179 φρεσὶ
1969 1118 2158 1166 σύνθετο
2186 1123 2352 1167 θέσπιν
2381 1119 2536 1183 αὀιδὴν
2561 1151 2614 1159 -

229 1222 283 1230 —-
309 1189 603 1255 Πηνελόπεια,
633 1194 843 1250 Κλίμακα
872 1195 910 1239 δ’
940 1193 1111 1254 ὑψηλῆν
1135 1187 1399 1252 κατεβήσετο
1428 1213 1468 1239 κ.
1498 1211 1536 1238 τ.
1566 1194 1631 1238 λ.α
1663 1204 1900 1238 narrentur.
1956 1195 2192 1238 Periochae
2225 1197 2320 1239 libri
2355 1198 2448 1240 23ω
2483 1199 2615 1242 verba

230 1269 564 1326 interpretantur
598 1283 768 1311 versum
803 1273 905 1311 1¹¹¹¹²¹¹¹
931 1267 1043 1311 illius
1083 1268 1179 1310 libri
1207 1270 1247 1311 Γ
1245 1262 1349 1324 ρηῒς
1384 1266 1422 1309 δ’
1449 1263 1515 1317 εἷς
1552 1263 1715 1324 ὑπερῷ’
1743 1260 1980 1322 ἅνεβῆσετο
2008 1260 2311 1322 καγχαλόωσα.
2369 1269 2455 1312 Sed
2483 1285 2614 1326 quum

230 1340 515 1384 testimonium
543 1338 792 1398 professoris
813 1339 1144 1396 Burdigalensis,
1173 1338 1245 1395 qui
1270 1347 1368 1396 post
1394 1339 1577 1382 medium
1608 1353 1714 1382 saec.
1741 1338 1821 1381 IV.
1852 1355 1891 1395 p.
1922 1337 2001 1381 Cb.
2032 1354 2072 1381 n.
2102 1339 2281 1395 scripsit,
2309 1340 2351 1382 in
2379 1340 2444 1383 his
2472 1341 2613 1391 rebus,

231 1410 311 1452 nisi
340 1410 521 1453 sciamus
550 1410 800 1467 gravissimis
830 1410 1073 1453 auctoribus
1101 1424 1200 1452 eum
1228 1423 1353 1452 usum
1392 1423 1503 1461 esse,
1550 1409 1671 1466 parvi
1711 1408 1952 1468 faciendum
1993 1409 2073 1460 sit,
2123 1411 2268 1466 paucis
2311 1426 2465 1455 nomen
2506 1412 2613 1456 illud

227 1476 439 1539 ὑπερῴου
466 1482 682 1525 absolvere
710 1496 949 1539 possumus.
1006 1480 1092 1534 Qui
1135 1480 1380 1538 diligentius
1422 1481 1464 1522 in
1502 1494 1591 1522 rem
1634 1480 1844 1537 inquirere
1880 1481 2037 1532 velint,
2082 1482 2279 1524 evolvant
2310 1482 2492 1526 vitruvii
2522 1484 2612 1527 edi-

229 1554 387 1594 tionem
417 1553 725 1595 Elzevirianam
764 1568 802 1595 a.
837 1556 962 1602 1649,
1001 1567 1044 1610 p.
1073 1557 1128 1594 80
1156 1553 1215 1604 d.,
1256 1561 1298 1595 et
1327 1552 1472 1595 Lexic.
1500 1552 1673 1594 Vitruv.
1703 1551 1825 1594 Baldi
1862 1552 2116 1595 illustratum
2155 1553 2207 1595 ab
2236 1552 2393 1596 Ioanne
2423 1554 2475 1598 de
2503 1553 2611 1599 Laet

230 1640 271 1682 p.
301 1627 381 1680 253
431 1624 679 1667 Schneideri
709 1626 1033 1666 commentarios
1060 1625 1113 1666 ad
1145 1624 1315 1667 Vitruv.
1346 1627 1386 1674 5,
1420 1628 1456 1675 l,
1485 1629 1538 1676 43
1585 1624 1620 1665 F
1623 1624 1810 1666 orcellini
1838 1625 1921 1667 lex.
1954 1633 2030 1667 tot.
2061 1624 2130 1668 lat.
2159 1625 2200 1667 in
2230 1640 2293 1677 V„
2337 1626 2409 1684 qui
2437 1627 2611 1683 egregie

230 1697 283 1738 de
311 1696 392 1737 hoc
421 1697 628 1738 vocabulo
658 1697 869 1753 disputan
904 1696 1111 1738 Overbeck
1140 1696 1332 1753 Pompefi
1359 1696 1401 1737 S.
1426 1698 1541 1747 101,·
1568 1696 1736 1737 Handb.
1764 1698 1836 1742 der
1861 1697 1989 1737 Arch.
2019 1696 2094 1738 der
2114 1696 2255 1739 Kunst
2280 1713 2354 1739 von
2375 1697 2423 1740 0.
2441 1698 2613 1749 Maller,

230 1767 272 1808 3.
290 1767 404 1821 Aufl.
434 1783 509 1809 von
540 1767 742 1818 Weloker,
773 1767 815 1809 S.
836 1769 939 1808 396.
959 1768 1063 1809 397.
1119 1767 1251 1809 Nobis
1280 1769 1380 1809 satis
1409 1767 1464 1809 sit
1493 1783 1642 1810 vocem
1672 1768 1851 1810 breviter
1880 1768 2062 1810 definire.
2112 1768 2406 1811 Chalcidicum
2436 1770 2615 1812 aedificii

230 1852 367 1892 genus
407 1838 579 1889 dicunt,
626 1832 749 1893 cujus
796 1854 948 1882 nomeu
990 1855 1014 1880 a
1057 1838 1258 1880 Chalcide
1300 1839 1403 1881 urbe
1444 1838 1604 1880 dictum
1644 1840 1711 1881 sit.
1766 1839 2027 1895 Plerumque
2069 1849 2135 1880 est
2176 1841 2364 1896 porticus
2407 1842 2613 1896 quaedam

232 1908 422 1951 domibus
460 1910 700 1965 praeposita
740 1909 861 1962 (eine
889 1910 971 1951 Art
1010 1909 1232 1963 Vorsaal)‚
1278 1917 1327 1952 ut
1363 1909 1404 1951 in
1434 1908 1638 1959 basilicis,
1679 1917 1723 1951 et
1751 1909 1859 1951 hanc
1888 1909 1971 1950 vim
2001 1909 2243 1962 designasse
2273 1910 2440 1951 videtur
2468 1912 2612 1953 Gloss.

230 1978 329 2022 Isid.
362 1979 614 2024 »Calcicum
656 1981 840 2035 (corrige
879 1979 1188 2035 Chalcidicum)
1226 1979 1327 2023 foris
1370 1979 1775 2030 deambulatorium,
1821 1981 1933 2035 quod
1976 1989 2018 2022 et
2061 1979 2297 2037 peribulum
2338 1978 2613 2037 (περίβολον)

233 2051 385 2095 dicitur
433 2060 476 2095 et
521 2051 676 2095 iterum
721 2051 976 2108 (pteron)«.
1031 2051 1274 2102 Interdum,
1321 2059 1365 2094 et
1404 2051 1484 2094 hoc
1523 2050 1575 2094 ab
1615 2066 1665 2094 ea
1704 2066 1773 2102 re,
1822 2051 1874 2095 de
1910 2068 1994 2108 qua
2033 2067 2143 2094 nunc
2180 2050 2341 2109 agitur,
2386 2052 2508 2105 tacit,
2557 2053 2612 2096 ad

234 2123 545 2180 superiores
582 2138 754 2180 quoque
792 2123 1003 2167 aedium
1040 2131 1224 2180 partes
1263 2121 1537 2172 transfertur,
1582 2138 1692 2178 quae
1735 2122 1865 2166 latina
1905 2123 2050 2180 lingua
2091 2124 2416 2175 coenacula,
2460 2126 2613 2169 solaria

232 2193 457 2244 dicuntur,
502 2202 544 2236 et
579 2194 688 2236 hanc
726 2194 842 2236 vocis
881 2194 964 2236 vim
1004 2209 1090 2237 uon
1121 2194 1247 2238 modo
1278 2194 1318 2236 in
1351 2192 1530 2238 Ausonii
1558 2192 1661 2236 locis
1690 2191 1849 2245 allatis,
1889 2195 1960 2237 sed
1991 2195 2112 2237 etiam
2142 2194 2206 2237 bis
2234 2195 2343 2252 apud
2373 2197 2611 2240 Arnobium

231 2265 326 2307 adv.
356 2274 471 2321 gent.
501 2266 684 2321 reperire
713 2265 789 2309 sibi
819 2265 1016 2308 videntur
1043 2281 1054 2308 ε
1082 2269 1132 2317 4,
1163 2281 1205 2323 p.
1239 2268 1315 2308 149
1358 2264 1650 2307 „Scribuntur
1679 2264 1734 2306 dii
1762 2265 1891 2308 vestri
1919 2265 1961 2307 in
1990 2265 2171 2309 tricliniis
2200 2267 2452 2311 coelestibus
2481 2278 2610 2324 atque

233 2338 276 2378 in
305 2336 651 2379 Chalcidicis
689 2336 827 2379 aureis
857 2337 1095 2386 coenitare,
1137 2345 1287 2393 potare
1316 2345 1359 2378 et
1388 2336 1440 2378 ad
1469 2336 1664 2377 ultimum
1694 2335 1847 2378 fidibus
1875 2345 1915 2378 ct
1947 2352 2096 2379 vocum
2127 2338 2475 2380 modulationibus
2503 2340 2610 2381 mul-

232 2408 359 2450 ceri«.
388 2415 431 2449 et
459 2411 498 2457 3,
528 2422 569 2464 p.
602 2409 678 2449 105
707 2423 718 2449 ε
748 2409 866 2451 Avet
894 2408 1058 2450 animus
1095 2416 1224 2465 atque
1262 2408 1390 2450 audet
1427 2407 1468 2448 in
1511 2406 1847 2450 Chalcidicis
1888 2409 1967 2452 illis
2005 2409 2166 2466 magnis
2204 2417 2331 2466 atque
2368 2410 2411 2452 in
2449 2410 2610 2467 palatiis

230 2480 336 2521 coeli
366 2479 466 2521 deos
495 2478 684 2536 deasque
713 2480 959 2535 conspicere
989 2480 1154 2522 intectis
1183 2479 1431 2537 corporibus
1458 2488 1586 2536 atque
1615 2480 1752 2522 nudis.
2174 2474 2176 2477 ’

2030 3397 2079 3435 12
