2955 3681
1431 153 1496 202 59

275 307 435 352 circuio
473 303 542 346 vel
577 295 875 358 inprosceuio
902 302 1119 356 projectae
1147 307 1191 343 et
1218 302 1270 343 in
1299 301 1468 343 altum
1497 306 1822 343 exstructae
1840 299 1861 339 ἲ
1915 300 2073 342 Similis
2103 307 2228 350 sunt,
2267 312 2378 356 quae
2404 299 2447 340 in
2476 300 2652 342 theatris

274 374 653 420 commemorantur
680 362 839 427 podia
867 371 1131 412 sacerdotum
1150 373 1190 425 (n
1199 371 1621 427 Proaceniumsloqmoe
1643 370 1841 426 Pompeji
1858 369 2067 411 Overbeek
2085 385 2126 427 p.
2147 373 2226 412 132
2239 371 2380 423 extu),
2400 378 2653 426 suggesta

273 448 361 489 sive
395 442 641 486 cubicula
678 441 978 496 imperatorum
1017 449 1061 484 et
1089 444 1428 485 munerat-iorum
1454 437 1498 482 i'n
1528 441 1850 497 amphitheatris
1878 440 1951 494 (cf.
1982 441 2223 483 Ruhnkenii
2250 441 2293 482 in
2320 441 2501 497 Antiqu.
2531 443 2651 484 Rom.

272 517 476 560 lectiones
512 511 697 556 academ.
736 511 850 555 XIX
888 526 984 555 cum
1023 511 1251 555 Eichstadii
1281 520 1421 555 annot.
1457 511 1554 555 Jen.
1597 515 1726 562 1831,
1751 527 1802 567 .p.
1834 514 1898 554 13.
1936 526 2034 553 anu.
2071 516 2139 562 44,
2168 517 2208 562 4,
2237 527 2289 564 s.,
2317 538 2370 544 —
2412 511 2531 556 Suet.
2561 512 2652 555 Jul.

272 585 397 630 Caes.
439 598 477 627 c.
523 584 602 634 76;
645 582 801 626 Neron.
843 597 878 626 c.
912 585 986 638 123
1027 582 1137 626 Plin.
1167 583 1326 639 Paneg.
1356 597 1392 627 c.
1420 584 1498 633 513
1536 581 1730 626 Juvenal.
1759 581 1817 634 11,
1850 584 1927 625 147
1961 583 2029 634 -)
2057 606 2112 612 —
2137 582 2275 626 Etiam
2304 582 2653 639 privatarum

272 656 436 700 aedium
470 653 604 697 bifore
632 649 838 710 ὑπερῷον
865 653 1040 696 describi
1068 654 1191 696 facile
1221 654 1370 696 credas
1397 653 1562 696 Polluc.
1592 653 1651 702 X,
1680 656 1755 705 25,
1792 653 1868 695 ubi
1898 653 2092 707 scriptor,
2123 667 2255 708 quum
2284 661 2407 696 antea
2435 663 2478 696 et
2504 663 2654 710 postea

232 751 241 758 ·
272 727 330 769 de
355 724 565 768 foribus
591 724 720 768 verba
746 724 903 775 faciat,
946 725 1051 768 haec
1078 726 1309 782 interponit
1337 720 1404 778 ,ἦ
1428 723 1479 766 δὲ
1502 716 1590 779 ὄπι)
1614 723 1788 780 εἴρηται
1817 721 1860 767 ἐν
1888 711 2159 767 Αἷολίσκαῖνι
2186 717 2528 780 Ἀριστοφάνους
2555 725 2654 769 καὶ

271 795 463 853 διοπῆς
497 794 846 851 καπιτέγους.
913 794 982 839 Sic.
1019 797 1128 839 enim
1167 797 1361 854 proxima
1398 795 1528 839 verba
1562 795 1606 838 in
1646 795 1739 838 MS.
1769 794 1935 849 Quodsi
1963 795 2312 852 Jungermannus
2351 796 2393 839 in
2424 805 2566 840 annot.
2596 801 2651 841 43

269 870 328 913 ita
366 868 570 925 scripsit:
600 867 713 911 »fere
757 861 920 924 διοπὴν
961 868 1235 925 Aristophani
1279 866 1590 918 affinxissemoe,
1635 874 1753 911 recte
1794 867 2028 922 intellexit,
2070 869 2229 925 optime
2269 867 2313 911 in
2354 869 2468 912 hunc
2509 869 2652 913 locum

271 939 499 997 quadrare,
540 940 654 996 quod
689 938 783 982 MS.
823 940 1015 983 exhibeat
1052 940 1215 995 διοπῆς
1249 939 1293 982 iu
1323 954 1453 982 unam
1482 953 1633 981 vocem
1662 939 1950 994 conjunctum.
2006 939 2072 982 Ita
2104 939 2215 983 enim
2246 940 2439 998 scriptor,
2467 948 2515 983 ut
2539 934 2655 999 σ’πήν

270 1011 432 1054 dixerat
469 1025 563 1054 esse
591 1010 706 1067 apud
734 1011 867 1054 Arist.
896 1026 973 1067 pro
1004 1012 1204 1067 »janua«,
1243 1011 1302 1054 sic
1330 1002 1488 1067 διοπήν
1514 1010 1674 1053 etiam
1705 1010 1764 1053 de
1794 1009 1954 1052 bifori
1985 1002 2214 1067 ὑπερῴῳ
2242 1011 2269 1053 i.
2299 1025 2334 1054 e.
2363 1003 2472 1054 κάπὶ
2501 1009 2653 1066 τέγους

270 1083 352 1126 dici
390 1082 674 1126 contenderet.
742 1082 867 1126 Prius
904 1081 979 1125 καί
1014 1092 1243 1140 utrumque
1280 1082 1521 1141 exemplum
1558 1081 1852 1137 conjungeret.
1919 1079 2002 1124 Sed
2040 1081 2122 1125 hac
2164 1082 2511 1140 interpretatione
2540 1098 2650 1142 opus

268 1169 353 1196 non
383 1168 472 1196 esse
501 1153 816 1196 concedendum
848 1162 938 1205 est3
968 1155 1069 1197 nibil
1099 1155 1210 1197 enim
1239 1155 1391 1205 obstat,
1421 1154 1520 1211 quin
1551 1153 1678 1197 verba
1706 1154 1766 1196 sic
1796 1152 1965 1195 dirimas
1992 1169 2008 1196 .·
2035 1153 2107 1196 καὶ
2137 1153 2196 1196 δι’
2223 1147 2339 1211 ὀπῆς
2364 1148 2474 1197 κάπὶ
2501 1153 2651 1210 τέγους

268 1233 311 1268 et
339 1225 417 1283 ipsi
445 1224 722 1283 Aristophani
754 1226 859 1268 haec
888 1226 1026 1268 omnia
1054 1226 1229 1269 tribuas.
1284 1225 1421 1283 quue
1448 1225 1699 1283 interpretes
1728 1239 1779 1268 eo
1808 1224 2006 1267 libentius
2034 1225 2341 1283 praetulerunt,
2372 1241 2456 1283 quo
2476 1226 2650 1270 similior

266 1297 384 1340 locus
412 1297 625 1340 Athenaei
654 1311 745 1340 esse
771 1296 936 1341 videtur
950 1296 1075 1349 XIII,
1107 1300 1201 1351 569,
1232 1297 1258 1340 b
1285 1296 1328 1340 in
1357 1296 1505 1353 fragm.
1524 1295 1739 1339 Xenarchi
1763 1310 1800 1338 v.
1825 1298 1877 1338 10
1896 1310 1986 1354 sqq.
2020 1295 2072 1339 nJ
2076 1295 2199 1339 uveni
2218 1296 2390 1352 eligenti
2408 1296 2649 1356 puellarum

265 1369 307 1412 in
349 1368 538 1428 lupanari
571 1382 871 1427 quamcunque
901 1369 1087 1420 libuerit,
1132 1383 1239 1428 opus
1267 1383 1352 1411 non
1381 1376 1444 1411 est
1471 1367 1639 1422 κλίμακ’
1669 1359 1958 1425 αἰτησάμενον
1984 1364 2177 1425 εῖςβῆναι
2204 1363 2386 1426 λάθρα,
2428 1368 2564 1427 Μηδὲ
2593 1369 2649 1412 δι’

264 1435 379 1499 ὀπῆς
404 1437 609 1482 κάτωθεν
634 1438 808 1482 ἐκδῦναι
837 1439 1000 1498 στέγης,
1029 1441 1150 1498 Μηδ’
1179 1439 1222 1483 ἐν
1250 1433 1483 1498 ἀχύροισιν
1512 1437 1803 1495 εἰςενεχθῆναι
1832 1437 1968 1497 τέχνῃ.
2024 1440 2124 1493 Quo
2153 1440 2197 1482 in
2216 1440 2310 1482 loco
2330 1454 2470 1498 neque
2490 1441 2651 1498 ὀιοπῆς

268 1513 575 1555 substantivum
615 1525 638 1554 e
675 1505 879 1553 κάτωθεν
916 1521 1061 1570 aptum
1099 1513 1282 1554 scribere
1318 1525 1458 1569 neque
1496 1524 1762 1553 communem
1791 1511 1985 1566 adjectivi
2011 1511 2190 1552 formam
2221 1505 2387 1554 διόπου
2414 1513 2576 1568 fingere
2605 1521 2649 1555 et

269 1599 366 1625 cum
411 1583 611 1641 »στέγηςα
643 1583 900 1638 conjungere
928 1585 1042 1634 volo,
1090 1592 1139 1624 ut
1168 1584 1313 1625 biforis
1345 1584 1603 1638 contignatio
1632 1582 1823 1638 superior
1851 1582 2003 1624 evadat
2032 1591 2075 1622 et
2102 1582 2195 1624 MS.
2225 1583 2348 1625 lectio
2376 1582 2535 1641 διοπῆς
2561 1584 2650 1626 sive

264 1655 503 1712 interpretis
539 1646 702 1710 διόπης
738 1655 780 1695 in
809 1654 996 1695 Pollucis
1025 1655 1052 1695 l.
1083 1655 1109 1695 l.
1140 1655 1414 1696 confirmetur
1425 1670 1437 1706 ς
1476 1656 1556 1696 hoc
1585 1669 1718 1696 unum
1747 1654 2078 1703 animadvertas,
2120 1669 2302 1710 quaeso,
2342 1657 2469 1697 verba
2498 1670 2645 1698 versus

268 1726 372 1768 10ιιιί
407 1714 528 1782 μηδὲ·
555 1726 612 1768 δι’
649 1720 766 1781 ὀπῆς
801 1716 1004 1766 κάτωθεν
1038 1723 1215 1768 ἐκδῦναι
1251 1724 1423 1780 στέγης,
1462 1726 1496 1767 si
1524 1740 1668 1767 rerum
1697 1725 1946 1767 traditarum
1976 1726 2126 1767 seriem
2156 1726 2466 1776 observaveris,
2508 1727 2646 1769 minus

263 1804 381 1840 recte
421 1813 447 1840 a
482 1796 881 1852 Schweighaeusero
927 1796 1032 1838 verti
1078 1811 1184 1838 »nec
1223 1811 1300 1851 per
1336 1796 1527 1839 foramen
1557 1797 1658 1839 tecti
1686 1796 1839 1839 domo
1867 1811 2014 1838 rursus
2043 1796 2325 1846 evadere«,
2368 1812 2502 1851 quum
2531 1806 2574 1839 et
2600 1798 2645 1840 in

265 1882 388 1911 versu
426 1870 502 1910 9¹²0
536 1875 578 1912 et
614 1867 657 1910 in
698 1870 809 1910 llm⁰
845 1873 1005 1910 amator
1032 1866 1203 1909 domum
1233 1865 1392 1909 induci
1419 1865 1595 1909 dicatur.
1652 1864 1802 1919 Quare
1830 1865 1971 1909 malim
2002 1875 2209 1910 amantem
2228 1865 2432 1922 juvenem
2464 1865 2542 1910 ¹aut
2568 1882 2646 1924 per

262 1939 410 1982 fissum
447 1938 772 1996 contignationis
810 1946 884 1982 aut
922 1952 999 1994 per
1026 1937 1255 1982 fenestram
1285 1937 1346 1994 (v.
1376 1936 1579 1994 Stephani
1607 1937 1868 1993 interpretat.
1898 1938 2012 1993 apud
2044 1936 2282 1993 Schweigh.
2312 1939 2366 1981 ad
2396 1953 2438 1981 v.
2471 1938 2541 1994 10)
2571 1946 2646 1982 aut

262 2025 340 2067 per
377 2011 514 2067 majus
552 2010 743 2054 foramen
782 2010 870 2053 sive
901 2016 1136 2052 cataractae
1166 2009 1254 2051 sive
1281 2000 1536 2065 ὀσοθύρας,
1580 2007 1770 2064 πλαγίας
1800 2008 2021 2064 cujusdam
2052 2016 2413 2063 emergentem
2444 2009 2644 2065 cogitare.

264 2083 428 2126 Tamen
470 2097 607 2139 neque
650 2097 703 2126 ex
745 2096 886 2125 rerum
929 2081 1074 2124 ordine
1115 2080 1157 2122 in
1201 2080 1294 2135 ejus
1336 2080 1500 2135 generis
1542 2080 1728 2123 carmine
1757 2095 1895 2137 neque
1924 2094 1976 2122 ex
2007 2080 2247 2137 fragmento
2276 2080 2391 2138 apud
2421 2079 2644 2124 Pollucem

263 2161 428 2198 servato
458 2154 560 2199 certi
589 2153 815 2211 quidquam
846 2153 986 2208 colligi
1014 2159 1163 2209 potest.
1221 2151 1382 2194 Contra
1404 2151 1675 2195 certissimam
1697 2167 1787 2195 esse
1802 2152 1948 2209 judico
1969 2152 2155 2207 glossam
2175 2151 2383 2208 Hesychii
2403 2168 2414 2194 z
2435 2150 2644 2197 Δίπυλον.

265 2221 478 2283 ὑπερῷον.
532 2225 850 2268 Substantivum
879 2232 1076 2266 neutrum
1108 2221 1293 2265 δίπυλον
1316 2222 1392 2277 (cf.
1411 2223 1479 2264 Et.
1501 2223 1561 2264 M.
1583 2238 1623 2279 p.
1644 2225 1737 2274 299,
1762 2223 1831 2279 10)
1852 2223 2084 2279 explicatur
2106 2224 2325 2280 „superior
2344 2224 2643 2279 contignatio“.

264 2296 391 2339 Unde
428 2297 643 2347 adducor,
685 2302 728 2338 et
767 2295 898 2350 vulgo
926 2309 1062 2350 genus
1092 2294 1304 2351 quoddam
1332 2288 1550 2350 ὑπερῴων
1578 2293 1710 2337 bifore
1738 2293 1865 2337 fuisse
1892 2302 1935 2336 et
1952 2326 1963 2344 ,
2002 2309 2134 2350 quum
2161 2291 2211 2337 τὸ
2240 2287 2499 2351 άμφίπυλον
2526 2303 2569 2338 et
2594 2290 2648 2338 τό

263 2365 447 2412 δίπυλον
488 2367 656 2410 nomina
697 2366 778 2409 sint
815 2365 1049 2416 simillima,
1092 2380 1216 2416 eum,
1260 2367 1334 2422 qui
1376 2366 1499 2409 etiam
1539 2359 1810 2424 άμφιπύλου
1849 2365 2042 2423 duplices
2081 2365 2191 2408 fores
2218 2364 2260 2407 in
2290 2361 2484 2423 ὑπερῴῳ
2511 2367 2644 2409 fuisse

263 2448 431 2499 apertas
466 2439 655 2496 judicet,
697 2438 798 2481 nihil
840 2438 1029 2494 fingere,
1073 2437 1188 2494 quod
1230 2453 1255 2479 a
1294 2438 1379 2479 veri
1417 2438 1554 2495 specie
1591 2438 1714 2480 nimis
1742 2438 1976 2480 abhorreat.
2033 2437 2131 2480 Hoc
2158 2438 2286 2493 igitur
2315 2439 2417 2480 satis
2446 2438 2643 2494 probabili

261 2511 503 2567 conjectura
531 2511 710 2553 assecuti
739 2526 922 2552 sumus:
980 2507 1107 2551 n‘Yn
1127 2524 1149 2551 ε
1170 2525 1196 2564 ρ
1216 2508 1370 2563 ῷονα
1428 2510 1584 2563 illud,
1628 2510 1788 2566 quale
1818 2525 1985 2566 supra
2012 2509 2433 2565 descripsimus,
2473 2504 2642 2561 μεσό-

262 2582 384 2639 δμη,
425 2575 747 2640 κρεμάθρα,
793 2574 1131 2638 άμφίπυλον,
1170 2580 1443 2636 duplicem
1481 2581 1695 2635 januam
1738 2580 1932 2624 habere
1975 2581 2177 2636 potuit,
2211 2585 2438 2634 justam
2476 2595 2641 2634 unam,

260 2654 344 2697 cui
370 2655 548 2698 scalas
575 2653 636 2696 ob
665 2654 716 2696 id
745 2653 915 2710 ipsum
944 2652 1246 2695 acclinatas
1275 2651 1441 2695 fuisse
1469 2652 1636 2695 facile
1664 2659 1844 2709 putes,
1873 2652 2099 2695 alteram
2159 2644 2264 2708 »ὄρ
2285 2654 2408 2693 ‹to-9
2428 2647 2638 2708 ιῖρανα,

260 2741 397 2782 quae
436 2741 629 2782 magna
669 2733 719 2769 et
760 2725 986 2781 obliqua
1026 2721 1255 2778 (πλαγία
1282 2743 1336 2761 =
1366 2740 1390 2765 a
1432 2724 1611 2768 latere
1653 2723 1864 2779 aperta)
1908 2723 2084 2766 fuisse
2128 2723 2360 2765 dicatur.
2426 2721 2545 2764 Neve
2574 2737 2639 2772 ea,

260 2811 372 2853 quae
410 2797 549 2840 adhuc
586 2795 920 2854 disputavimus,
957 2796 992 2838 si
1029 2794 1103 2839 tibi
1131 2795 1306 2852 probata
1333 2793 1511 2846 fuerint,
1550 2794 1709 2837 scholio
1738 2794 1810 2837 illo
1840 2793 2070 2851 Euripideo
2098 2792 2141 2835 in
2172 2792 2285 2835 Med.
2316 2807 2355 2835 v.
2386 2794 2462 2834 135
2491 2806 2639 2835 rursus

260 2868 481 2920 labefiant,
521 2868 628 2910 haec
670 2867 837 2924 adjicio.
904 2867 1059 2924 Neque
1100 2881 1248 2909 verum
1290 2874 1380 2918 est,
1423 2866 1536 2922 quod
1578 2865 1722 2908 dicunt
1764 2866 2012 2908 scholiastae
2040 2863 2424 2920 interpretationem
2450 2862 2530 2906 ἐπὶ
2557 2866 2638 2906 τοῦ

259 2932 523 2998 α’μφιπῦλου
557 2931 670 2982 οὖσα
706 2933 869 2997 ἤκουσα
906 2939 1054 2996 φωνῆς
1092 2934 1180 2981 ἔσω
1217 2937 1300 2980 τοῦ
1333 2929 1569 2995 μελάθρου
1607 2941 1667 2992 (v.
1697 2936 1898 2994 Elmsley.
1929 2938 1981 2978 ad
2009 2935 2036 2978 l.
2065 2935 2091 2976 l.
2122 2944 2164 2977 et
2192 2933 2347 2977 Matth.
2376 2933 2460 2977 lex.
2490 2935 2638 2995 Eur-ip.

259 3026 301 3068 p.
343 3018 422 3056 184
460 3012 572 3070 sqq.)
610 3012 663 3054 ad
698 3011 914 3068 Euripidis
952 3011 1080 3053 verba
1115 3012 1254 3052 minus
1290 3011 1515 3053 convenire
1542 3036 1596 3041 —
1623 3010 1779 3052 chorus
1811 3008 2020 3064 γυναικῶν
2054 3004 2297 3048 πολιτίδων
2322 3008 2386 3064 (v.
2418 3003 2640 3050 ὑπόθεσιν

261 3084 480 3141 Aristopb.
517 3083 777 3141 grammatici
818 3083 931 3138 apud
975 3082 1099 3124 Dind.
1142 3090 1251 3137 poet.
1294 3081 1428 3137 scen.)
1465 3082 1507 3123 in
1544 3081 1706 3124 vicinae
1747 3080 1895 3122 domus
1933 3069 2123 3134 ὑπερῴῳ
2165 3079 2349 3134 quodam
2388 3071 2635 3136 άμφιπύλῳ

261 3160 376 3197 stans
413 3155 751 3200 lamentationem
781 3154 959 3196 Medeae
997 3152 1105 3195 intra
1133 3153 1258 3196 aedes
1295 3153 1433 3208 regias
1462 3148 1551 3196 ἔσω
1578 3143 1813 3208 μελάθρου
1839 3149 1993 3192 editam
2024 3149 2168 3192 audire
2198 3151 2336 3207 potuit
2364 3175 2443 3201 —,
2485 3165 2636 3206 neque,

260 3223 296 3265 si
336 3239 482 3268 verum
523 3234 659 3278 esset,
701 3225 780 3268 hac
821 3239 868 3267 re
907 3224 977 3274 id,
1020 3225 1135 3280 quod
1177 3239 1202 3267 e
1240 3225 1488 3268 scholiastae
1528 3224 1669 3267 verbis
1708 3223 1951 3279 coegimus,
1994 3229 2242 3264 mutaretur.
2312 3221 2495 3275 Qualem
2525 3224 2633 3265 euim

260 3295 481 3339 scholiasta
508 3292 767 3356 ὄρσοθύραν
794 3297 931 3340 animo
960 3296 1151 3346 finxerit,
1194 3297 1378 3340 enodare
1405 3295 1668 3347 studuimus;
1708 3308 1810 3337 num
1838 3308 1917 3337 sua
1946 3293 1999 3336 de
2029 3286 2266 3352 ὀρσοθύρᾳ
2294 3295 2489 3351 opinione
2519 3304 2633 3337 recto

259 3379 361 3410 usus
390 3365 444 3410 sit
470 3368 525 3412 ad
553 3370 831 3428 Euripideum
859 3368 1002 3413 locum
1030 3367 1338 3424 eaplicandum,
1370 3380 1575 3424 quaerere
1603 3373 1795 3410 nostrum
1824 3380 1909 3409 non
1939 3374 2041 3410 erat.
2103 3365 2260 3421 Verba,
2292 3365 2463 3423 quaein
2485 3365 2634 3410 eodem
