2955 3681
1433 79 1500 129 46

264 222 447 279 deniqne
465 224 599 270 lorica
618 226 840 282 quaedam,
868 233 916 267 ut
934 226 1269 281 propugnaculis
1298 226 1380 267 illis
1406 226 1555 282 (supra
1583 226 1780 269 Eustath.
1804 227 1840 269 B
1868 227 1922 270 ad
1953 227 2043 282 1.)),
2075 227 2133 269 ita
2154 221 2382 283 ὑπερῴοις
2401 226 2663 270 circumdata

264 294 509 352 appellandi
547 296 675 341 fuerit
713 311 854 340 causa.
923 295 1045 339 Haec
1083 295 1279 354 proxima
1317 296 1424 339 ratio
1464 295 1634 340 minime
1673 297 1914 353 spernenda
1949 311 2041 341 esse
2079 295 2268 349 vrdetur,
2314 312 2448 354 quum
2486 296 2661 341 eaedem

266 372 437 411 veteres
476 368 644 424 glossae
682 381 808 426 supra
840 366 875 408 B
908 367 1060 410 allatae
1096 366 1325 410 exhibeant
1355 367 1546 411 »Obices
1575 360 1805 425 ᾰυτηρίδες
1841 361 2115 419 duellione«
2147 376 2190 412 et
2217 368 2415 412 facillime
2444 368 2501 412 ita
2529 369 2664 428 expli·

264 446 419 485 centur
437 439 590 483 Suidae
616 440 772 483 verba:
801 432 998 495 Ἀντνξρις
1027 439 1100 495 (de
1120 447 1298 483 accentu
1319 454 1445 496 supra
1465 454 1560 482 ann.
1583 440 1660 496 6.))
1692 439 1744 483 δὲ
1771 433 2019 498 α’πήριδος,
2046 440 2121 484 καὶ
2149 440 2346 498 σημαίνει
2372 438 2449 497 τῆν
2475 435 2660 498 θυρίδαῖ

266 511 416 568 Neque
442 512 551 554 enim
582 511 753 562 dubito,
782 512 883 568 quin
914 511 1125 554 fenestrae
1153 511 1473 566 significentur,
1509 511 1659 567 quales
1686 512 1860 567 antiquo
1890 521 2082 567 tempore
2110 513 2240 555 fuisse
2270 513 2371 555 dicit
2395 512 2573 555 Hieron.
2617 514 2659 555 in

266 582 420 624 Ezech.
448 585 515 632 41,
540 585 590 624 16
609 598 624 624 .-
654 582 913 625 nFencstrae
942 583 1078 625 factae
1108 592 1226 625 erant
1258 584 1298 624 in
1330 583 1502 624 modum
1533 583 1632 625 retis
1661 582 1790 624 instar
1819 584 2123 638 cancellorum,
2152 591 2201 626 ut
2228 599 2309 625 non
2339 584 2479 640 lapide
2506 598 2660 641 specu·

266 652 341 695 lari
376 666 454 694 nec
494 654 627 704 vitro,
668 652 740 695 sed
780 653 906 708 lignis
944 653 1246 696 interrasilibus
1276 660 1319 695 et
1349 653 1635 695 vermiculatis
1663 652 2008 696 clauderentur«.
2068 655 2253 710 (Theod.
2282 654 2441 696 Obbar.
2470 655 2522 697 ad
2554 655 2661 696 Hor.

264 723 404 767 Carm.
433 722 480 774 I,
510 726 578 774 25,
612 726 680 777 l.).
738 723 1018 767 verisimilior
1047 733 1190 767 autem
1222 739 1289 767 res
1318 724 1390 773 fit.
1432 739 1566 780 quum
1597 723 1720 766 etiam
1751 723 1863 780 apud
1893 724 1998 766 alios
2026 726 2194 782 priscae
2222 724 2497 782 simplicitatis
2525 725 2658 766 homi-

260 809 358 845 nes,
395 804 444 838 ut
480 796 596 853 apud
627 796 864 838 Germanos
901 797 1064 839 mediae
1103 798 1256 839 aetatis
1297 796 1472 838 similem
1515 810 1604 838 rem
1642 795 1765 838 simili
1795 810 1901 838 voce
1930 796 2186 853 appellatam
2217 797 2490 854 reperiamus.
2548 797 2657 839 Nam

261 867 376 924 quod
415 883 491 910 nos
537 866 715 910 dicimus
745 868 935 925 „Lelme“
976 884 1112 925 aeque
1151 884 1201 911 ac
1241 868 1417 910 verbum
1459 867 1657 910 »lehnert-‘a
1697 883 1722 909 a
1760 867 1871 924 plur.
1912 874 2045 924 praet.
2077 868 2193 909 verbi
2219 870 2323 925 qotla.
2352 868 2564 910 lalcinan
2592 868 2660 922 (ἲ)

259 939 353 982 atad.
383 939 559 982 hlinan
587 940 655 995 (ἲ)
682 939 895 989 κλίνειν,
925 941 1208 982 zie-clinare
1238 940 1411 982 ductum
1448 940 1584 982 media
1616 947 1756 982 aetate
1782 938 1953 982 sonabat
1985 940 2128 981 „lenae
2159 947 2200 981 et
2230 955 2312 982 non
2343 939 2470 982 modo
2500 939 2658 996 signiti-

262 1010 399 1061 cabat,
429 1019 477 1053 ut
505 1004 696 1068 α’ντξρις,
729 1011 958 1062 nfulcrum,
987 1011 1295 1061 fulcimentum,
1325 1011 1667 1054 reclinationem«
1699 1010 1875 1067 (Kilian.
1905 1011 2047 1067 Etym.
2078 1016 2181 1053 tent.
2213 1010 2313 1067 ling.
2346 1010 2386 1053 in
2417 1026 2454 1053 v.
2485 1020 2525 1053 et
2555 1012 2658 1054 Bcn.

261 1081 411 1126 Muell.
447 1086 488 1133 l,
517 1084 660 1139 964⁸),
690 1083 764 1125 sed
794 1083 915 1125 etiam
947 1083 1170 1140 »podiumss
1205 1084 1307 1133 (vid.
1340 1081 1440 1124 ibid.
1470 1090 1512 1125 et
1541 1098 1635 1124 voc.
1666 1090 1754 1140 opt.
1784 1086 1824 1132 4,
1854 1085 1927 1135 64)
1959 1084 1984 1124 i.
2015 1097 2052 1125 e.
2081 1081 2303 1139 pergulam
2333 1083 2420 1124 sive
2450 1083 2657 1138 porticum

259 1152 526 1210 superiorem
572 1162 693 1195 extra
732 1154 881 1195 domus
918 1154 1100 1210 parietes
1142 1162 1401 1209 porrectam.
1462 1154 1615 1195 Altera
1655 1164 1797 1195 autem
1828 1153 1963 1196 forma
1995 1153 2181 1209 ejusdem
2212 1154 2328 1195 vocis
2360 1154 2511 1196 „line-z
2544 1153 2658 1204 (alul.

259 1224 408 1265 una-
433 1223 628 1276 Ιιῖὶηᾶ-)
658 1239 739 1265 non
770 1225 895 1266 modo
922 1224 1287 1265 „reclinatoriumu
1320 1224 1466 1274 (Gn-aff
1486 1223 1566 1273 IV,
1601 1226 1726 1275 1095)
1756 1233 1801 1266 et
1832 1224 2097 1266 „cancellosa
2128 1224 2265 1278 (Iinzm
2287 1223 2355 1266 Gl.
2380 1223 2517 1266 Mons.
2541 1225 2592 1265 ad
2618 1223 2660 1265 11

261 1293 366 1350 (IV)
396 1294 500 1350 ch.
538 1298 571 1344 1,
602 1297 628 1336 2
659 1293 838 1336 „cecidit
866 1309 944 1351 per
972 1295 1183 1337 cancellos
1213 1293 1487 1350 covnaeulia)
1515 1294 1741 1350 significat,
1786 1293 1858 1338 sed
1889 1294 2013 1337 etiam
2046 1293 2169 1351 plane
2198 1293 2448 1336 „fenestram
2479 1293 2659 1337 clathra-

261 1373 374 1407 tama
403 1389 460 1396 —
501 1364 554 1406 cf.
584 1365 710 1407 Graff
744 1366 769 1408 l.
804 1366 829 1408 l.
866 1368 968 1408 1096
997 1382 1007 1407 ε
1046 1366 1151 1408 Bibl.
1181 1370 1205 1409 5
1241 1367 1350 1408 linea
1382 1367 1593 1408 cancellos
1621 1366 1691 1418 (de
1722 1366 1902 1408 fenestra
1931 1381 2006 1422 per
2033 1365 2244 1409 cancellos
2270 1364 2487 1422 prospexi)
2517 1389 2574 1396 —
2602 1372 2658 1415 et,

262 1437 332 1491 qui
363 1436 481 1477 locus
511 1438 703 1477 omnium
734 1436 917 1478 maxime
946 1443 1012 1478 est
1039 1435 1307 1492 perspicuus,
1337 1436 1645 1479 Frauendt'enst
1681 1436 1850 1479 Ulrichs
1877 1453 1914 1479 υ.
1939 1435 2243 1480 ΙιίεοΙιτεηείεἱη
2273 1435 2344 1478 bei
2366 1437 2427 1477 W.
2460 1435 2658 1479 Wacker-

261 1508 388 1563 nagel
411 1508 479 1548 ad.
510 1506 718 1548 Lesebuch
740 1522 789 1561 p.
817 1507 908 1547 627
935 1523 949 1548 .-

933 1594 1040 1649 „Do
1064 1595 1167 1651 qia-(J
1196 1595 1260 1636 ich
1287 1612 1361 1637 von
1393 1595 1474 1637 den
1493 1596 1665 1650 flecken
1697 1594 1780 1637 dan

934 1666 1080 1723 Geqen
1108 1667 1222 1708 einer
1248 1667 1362 1708 line
1390 1666 1463 1709 hin
1491 1666 1626 1708 miher
1640 1669 1757 1722 fldn.

932 1737 1008 1781 Dd
1033 1738 1115 1793 fiir
1129 1742 1188 1792 sd
1215 1755 1300 1780 was
1329 1740 1395 1781 ein
1424 1738 1558 1795 tepz'ch
1585 1745 1684 1796 quot

930 1808 1163 1866 Gehansyen,
1192 1810 1260 1852 als
1289 1826 1384 1852 man
1413 1809 1500 1865 ofte
1527 1817 1608 1851 tuot

930 1879 1019 1922 Fu'r
1046 1881 1127 1922 line
1154 1882 1211 1922 dci
1237 1897 1335 1922 man
1364 1881 1437 1922 wil
1462 1879 1624 1922 windes
1655 1880 1741 1922 m’lzt

930 1950 1045 1994 Noch
1073 1951 1171 1993 l-e'eht
1198 1968 1211 1993 .·
1229 1950 1320 2007 fiir
1347 1952 1417 1993 dlv
1446 1966 1491 2008 eg
1518 1949 1713 2008 qqsclaeilzt.

941 2022 1024 2065 Vor
1052 2022 1126 2065 der
1153 2023 1235 2065 le‘ue
1260 2022 1336 2064 der
1363 2022 1497 2079 tepich
1526 2025 1588 2065 hie
1614 2037 1628 2063 .·

933 2094 1031 2135 Dar
1056 2095 1099 2136 in
1126 2094 1190 2136 vil
1216 2094 1371 2136 chleine
1399 2094 1460 2135 ilat
1486 2092 1642 2135 wt‘ndes
1665 2092 1775 2149 9ie.“

266 2195 309 2231 et
337 2201 434 2244 pag.
464 2190 560 2238 628,
593 2191 611 2229 1

934 2296 956 2320 ‚,
973 2262 1034 2307 Sa
1063 2262 1115 2305 da
1143 2263 1213 2306 ich
1241 2264 1303 2306 die
1331 2263 1394 2306 bet
1419 2265 1634 2322 qdprach,

930 2335 1011 2378 Em
1039 2335 1264 2389 {uuest-owe
1291 2337 1340 2393 ἃς
1369 2337 1440 2377 der
1467 2336 1527 2377 lin
1555 2335 1628 2376 her
1643 2338 1763 2390 sach.

930 2407 999 2449 Do
1027 2407 1072 2449 si
1095 2422 1167 2449 vns
1195 2409 1292 2449 sach
1321 2408 1369 2448 do
1385 2406 1546 2461 Jvndet·
1571 2408 1671 2459 [(έπ,

941 2478 1035 2520 Vnd
1062 2480 1176 2534 unser
1204 2481 1340 2520 weit-en
1367 2479 1509 2520 πίω-(ιη
1539 2483 1659 2526 moen,

931 2549 999 2591 D«)
1027 2557 1079 2591 tet
1105 2553 1140 2591 si
1165 2549 1290 2591 wider
1319 2565 1370 2591 zu
1397 2550 1466 2590 die
1493 2550 1564 2598 lt'n,

945 2621 1030 2662 le
1052 2621 1122 2677 9ιέ
1146 2623 1198 2673 [ἂ
1226 2637 1277 2663 zu
1306 2625 1343 2662 ἰν
1370 2635 1529 2663 vrowen
1559 2619 1626 2662 hin
1653 2636 1663 2662 :

266 2731 319 2775 cf.
357 2732 457 2774 ibid.
499 2746 538 2773 v·
568 2734 595 2775 9
643 2731 729 2790 »ἃς
769 2733 860 2789 dem
898 2731 1022 2784 tor“‚
1070 2745 1122 2773 ne
1165 2731 1310 2786 „Iine“
1354 2732 1530 2787 januam
1578 2729 1834 2784 significasse
1882 2729 2090 2772 videatur.
2149 2726 2233 2772 Sed
2280 2743 2333 2770 ne
2378 2727 2684 2771 confidentius·

265 2817 354 2846 rem
391 2803 595 2846 incertam
632 2804 854 2859 judicem,
898 2802 1086 2858 potuit
1134 2795 1361 2858 α’ντῆριδος
1398 2816 1554 2843 nomen
1596 2802 1721 2842 etiam
1759 2817 1783 2843 a
1821 2802 1958 2843 media
1992 2801 2060 2842 illa
2089 2800 2206 2842 trabe
2234 2807 2478 2842 transversa
2508 2799 2572 2841 vel
2603 2799 2655 2840 ab

265 2866 458 2931 ὑπερῴῳ
486 2876 524 2917 ei
553 2876 747 2930 imposito
774 2874 1101 2928 tibicinibusque
1129 2874 1237 2915 fulto
1269 2875 1319 2915 ad
1350 2874 1432 2915 vim
1465 2873 1722 2916 „sonesti-aea
1753 2872 1985 2922 transferri,
2014 2879 2148 2928 quum
2177 2878 2235 2913 et
2263 2871 2437 2926 antiquo
2466 2878 2656 2925 tempore

264 2946 518 3003 plerumque
547 2946 757 2988 fenestras
785 2946 826 2987 in
856 2944 1147 3002 superioribus
1187 2944 1575 3000 contignationibus
1617 2952 1781 2999 apertas
1823 2943 1954 2985 fuisse
1999 2941 2089 2984 veri
2132 2940 2264 2985 simile
2303 2940 2399 2995 fiat,
2442 2940 2497 2983 cf.
2539 2939 2656 2982 locos

264 3018 565 3075 Aristophanis
594 3025 637 3061 et
665 3017 883 3061 Plutarchi
913 3017 1027 3075 apud
1056 3017 1237 3061 Becker.
1265 3016 1443 3060 Charicl.
1476 3015 1511 3066 1,
1538 3016 1631 3057 203.
1653 3018 1733 3057 204
1762 3022 1805 3058 et
1834 3014 2007 3058 Gallum
2035 3013 2102 3056 ed.
2133 3013 2252 3057 Rein.
2282 3012 2341 3064 II,
2369 3027 2411 3069 p.
2431 3015 2514 3053 220
2532 3020 2655 3062 extr„

264 3097 316 3131 et
358 3103 436 3145 pro
475 3088 590 3130 rimis
628 3088 842 3131 clathratis
881 3089 948 3131 vel
983 3088 1078 3130 velo
1116 3087 1310 3130 obductis
1348 3087 1436 3129 sine
1475 3085 1603 3128 dubio
1639 3099 1766 3142 saepe
1794 3086 1944 3129 liberet
1972 3084 2158 3141 pergulis
2185 3085 2249 3129 vel
2279 3082 2508 3126 maenianis
2536 3091 2656 3125 extra

265 3159 438 3202 domum
487 3158 692 3214 porrectis
738 3159 789 3201 ad
838 3159 1115 3214 spectandum
1159 3158 1219 3200 uti
1261 3157 1342 3213 (cf.
1372 3157 1480 3201 Plin.
1511 3157 1552 3200 h.
1584 3172 1624 3198 n.
1655 3157 1788 3207 XXI,
1816 3160 1869 3208 3,
1897 3159 1922 3199 6
1959 3156 2138 3200 Fulvius
2166 3181 2221 3189 —
2250 3169 2274 3198 e
2302 3154 2478 3211 pergula
2508 3168 2586 3197 sua
2613 3153 2656 3197 in

264 3230 401 3275 forum
443 3230 714 3289 prospexisse
756 3229 893 3274 dictus
921 3254 977 3262 —
1006 3230 1125 3275 Rein.
1162 3229 1215 3272 ad
1257 3228 1385 3273 Beck.
1415 3228 1528 3273 Gall.
1558 3227 1625 3280 ΙΙ,
1654 3231 1758 3280 201,
1802 3228 1855 3273 de
1898 3227 2134 3272 Maenianis
2175 3225 2457 3270 doctissimam
2497 3223 2657 3268 Osanni

268 3304 431 3347 dissert.
458 3303 511 3348 de
540 3302 621 3347 col.
652 3301 825 3347 Maenia
853 3317 896 3360 p.
929 3305 982 3345 22
1020 3310 1063 3346 et
1099 3299 1383 3360 passim—),
1430 3314 1562 3358 quum
1610 3299 1790 3357 denique
1835 3313 1881 3344 re
1922 3313 2025 3343 vera
2066 3297 2273 3343 simillima
2313 3296 2532 3340 translatio
2574 3310 2655 3339 usu
