2955 3681
1425 52 1482 97 41

262 216 412 245 nemus
438 200 569 257 igitur
598 196 787 254 singulos
815 202 967 253 poetae
996 196 1110 239 locos
1141 191 1268 255 supra
1297 196 1351 249 D,
1373 196 1426 240 ad
1453 198 1506 251 l.)
1535 202 1579 240 et
1609 197 1861 253 2.)·citatos.
1881 222 1934 230 -
1962 200 2001 248 8,
2031 197 2110 240 277
2143 195 2362 240 Vulcanus
2391 205 2487 242 ante
2514 197 2649 242 alte·

261 288 373 321 rum
404 273 458 315 cf.
489 286 529 314 ν.
551 273 631 312 268
662 283 753 325 sqq.
784 268 938 310 Martis
967 268 1219 310 adulterium
1248 269 1289 310 in
1321 268 1812 323 thalamumnuptialem
1836 283 1884 311 se
1913 267 2090 318 confert,
2119 275 2167 309 ut
2195 267 2297 309 lecti
2325 268 2499 325 genialis
2518 283 2648 326 spon·

262 345 340 388 dae
366 344 535 386 vincula
562 340 934 384 circumfunderet.
991 356 1030 381 v.
1060 343 1140 382 279
1168 341 1381 382 adduntur
1410 339 1535 380 verba
1563 335 1713 381 πολλᾰ
1750 339 1802 381 δὲ
1830 340 1904 381 καὶ
1933 332 2260 394 καθύπερθε
2301 332 2648 396 μελαθρόφιν

263 413 508 468 ἐξεκέχυντο
548 426 586 452 κ.
604 425 641 453 τ.
681 407 719 451 λ.
750 409 873 461 Quae
910 410 945 452 si
981 410 1245 465 interpretes,
1277 425 1315 453 v,
1345 425 1472 465 supra
1500 409 1556 459 D,
1585 410 1638 452 ad
1671 412 1729 464 l.)
1758 410 1973 466 explicant
2001 426 2011 451 ε
2039 410 2087 451 ἐκ
2111 412 2197 452 τῶν
2224 412 2368 454 δοκῶν
2393 412 2471 466 τῆς
2500 411 2651 466 στέγης

261 487 348 529 sive
390 476 597 540 ιῗπερᾰνω
639 480 719 523 τοῦ
756 472 1008 537 μελάθρου·
1044 479 1271 539 μέλαθρον
1301 479 1352 523 δὲ
1391 478 1553 539 κυρίως
1586 478 1636 524 td
1678 481 1814 534 μέσον
1837 482 1914 538 τῆς
1938 479 2087 538 στέγης
2114 476 2242 535 ξύλον
2266 481 2326 527 τό
2359 476 2646 534 ὑπότονον,

261 556 345 599 noli
375 555 550 598 lacunar
578 553 690 594 illius
720 552 902 595 thalami*
920 553 1136 610 proprium
1165 553 1252 594 sive
1282 552 1444 595 trabem
1473 552 1653 595 mediam
1683 552 1891 596 lacunaris
1934 552 2063 607 hujus
2092 553 2338 610 intelligere.
2398 555 2473 597 Est
2499 552 2647 608 μέλα-

260 630 376 681 θρον
416 626 527 668 idem
565 624 671 665 illud
716 625 880 678 tignum
921 614 1195 677 καλούμενον
1210 617 1302 666 α’πό
1328 624 1411 665 τοῦ
1434 623 1727 677 μελαίνεσθαι
1754 619 1841 668 ὑπὸ
1866 626 1946 667 τοῦ
1974 618 2140 681 πυρός,
2181 625 2296 682 quod
2337 640 2462 681 supra
2493 626 2648 670 descri-

266 699 426 755 psimus
454 697 608 764 cuique
639 695 869 755 thalamum
901 705 943 738 et
971 696 1344 753 ampliithalamum
1366 695 1478 737 haud
1499 711 1595 738 raro
1616 696 1771 739 vicinos
1790 697 1921 739 fuisse
1943 712 1995 740 ex
2016 697 2175 753 hymno
2195 697 2325 740 Hom.
2344 697 2385 739 in
2407 697 2563 747 Cerer„
2592 714 2646 741 ex

265 768 428 818 Galeni,
461 766 656 816 Vitruvii,
685 766 861 809 aliorum
900 768 1152 825 scriptorum
1183 766 1319 809 verbis
1345 766 1455 809 infra
1485 768 1875 811 demonstrabimus.
1924 768 2150 824 Utrimque
2178 784 2203 811 a
2232 767 2382 812 dextro
2412 778 2452 812 et
2476 761 2644 812 'sinistro

260 841 402 894 μυχοῦ
437 840 566 881 latere
609 838 804 881 cubicula
841 838 911 881 illa
949 840 1027 882 sub
1063 839 1275 882 communi
1313 839 1385 881 illo
1423 833 1698 896 μεγάροιο
1723 832 1942 894 μελάθρῳ
1973 842 2066 893 (22,
2108 843 2207 894 239)
2243 850 2461 884 exstructa
2502 851 2647 894 erant3

263 927 388 953 suum
430 910 584 966 cuique
623 909 848 966 μέλαθρον
884 927 990 970 opus
1026 926 1110 953 non
1149 919 1248 953 erat.
1278 934 1332 943 ——
1364 914 1435 963 19,
1477 915 1556 954 544
1582 911 1721 968 aquila
1753 927 1778 955 a
1804 911 2016 969 Penelope
2045 913 2086 956 in
2117 927 2262 955 somno
2293 913 2383 956 visa
2412 906 2484 973 ἄψ
2512 912 2550 955 δ’
2569 911 2648 956 ε’λ-

266 980 360 1025 θιιὶν
395 986 486 1025 κατ’
521 977 590 1041 ἄρ’
627 981 737 1036 ἕζετ’
771 980 848 1026 ἐπὶ
890 977 1125 1041 προῦχοντι
1162 979 1455 1039 μελάθρῳ,
1485 983 1638 1040 quibus
1669 984 1807 1028 verbis
1840 984 2020 1027 Vossius
2050 993 2266 1043 permotus
2295 994 2372 1037 est,
2403 986 2519 1044 (pag.
2542 977 2645 1038 '455‚

261 1072 356 1099 ann.
386 1060 439 1098 38
469 1056 535 1098 ed.
563 1056 696 1114 princ.
722 1057 939 1112 repetitae,
968 1072 1006 1098 ν.
1037 1070 1162 1111 supra
1192 1057 1244 1097 de
1272 1056 1392 1099 aedd.
1422 1056 1463 1106 I,
1494 1072 1533 1111 p.
1567 1059 1629 1106 19,
1659 1071 1755 1098 ann.
1787 1060 1834 1098 21
1868 1065 1910 1098 et
1939 1056 1996 1107 ΙΙ,
2024 1073 2062 1113 p.
2093 1060 2144 1098 25
2177 1057 2300 1113 init.),
2329 1067 2376 1099 ut
2407 1073 2572 1100 anseres
2603 1061 2645 1101 in

261 1127 411 1169 domus
451 1127 675 1168 mulierum
714 1128 904 1168 conclavi
943 1129 997 1169 ali
1038 1135 1207 1185 putaret
1246 1135 1290 1169 et
1327 1127 1370 1169 in
1399 1127 1547 1171 eadem
1578 1128 1743 1171 aedium
1772 1136 1893 1186 parte
1924 1129 1974 1171 de
2002 1127 2169 1171 fumarii
2200 1128 2422 1185 cujusdam
2453 1130 2645 1183 (Rauch-

250 1202 410 1259 fanqs)
449 1201 634 1256 margine
678 1202 857 1257 aquilam
895 1202 1139 1258 Penelopae
1167 1201 1368 1243 cecinisse
1399 1199 1572 1244 diceret.
1630 1202 1693 1244 At
1721 1200 1901 1244 alterum
1932 1201 2140 1244 caminum
2175 1215 2270 1244 cum
2303 1201 2434 1246 altero
2463 1201 2643 1247 fumario

264 1273 353 1312 veri
382 1272 556 1312 similem
585 1286 668 1313 non
698 1286 789 1314 esse
819 1287 946 1329 supr-a
965 1273 1021 1326 ΙΙ,
1050 1287 1091 1328 p.
1114 1274 1165 1314 26
1194 1278 1291 1329 post
1321 1271 1432 1314 med.
1462 1271 1683 1315 docuimus
1713 1286 1765 1315 ex
1794 1272 1901 1315 libro
1922 1272 2103 1315 Beckeri
2133 1271 2407 1329 „Charz‘klea“
2437 1274 2501 1316 ed.
2524 1272 2574 1318 C.
2596 1274 2644 1319 F.

262 1344 497 1384 Hermann.
526 1357 665 1400 neque
701 1345 733 1384 si
762 1346 938 1385 maxime
980 1358 1149 1386 anseres
1179 1358 1230 1386 ex
1260 1344 1331 1385 illa
1361 1343 1508 1385 domus
1538 1351 1656 1401 parte
1685 1345 1790 1401 rapti
1820 1352 1952 1394 erant,
1983 1344 2091 1386 hanc
2119 1344 2172 1386 ob
2204 1358 2374 1388 causam
2406 1346 2641 1389 necessario

263 1415 476 1471 Penelope
504 1415 656 1456 ibidem
687 1430 781 1455 cum
814 1416 972 1456 ancillis
1001 1416 1242 1463 lamentata,
1274 1415 1413 1469 aquila
1445 1416 1668 1457 vaticinata
1699 1423 1774 1456 est.
1832 1415 2067 1471 Postquam
2096 1415 2276 1472 aquilam
2312 1417 2551 1458 avolantem
2584 1417 2642 1459 vi-

261 1486 330 1535 dit,
376 1486 611 1527 lamentans
654 1502 804 1528 oecum
843 1487 1067 1527 mulierum
1107 1486 1174 1528 vel
1213 1487 1357 1538 μυχοῦ
1383 1486 1497 1529 fores
1525 1495 1670 1543 petere
1699 1486 1840 1543 ibique
1868 1486 2095 1527 amicarum
2128 1488 2451 1543 pedisequarum
2483 1503 2641 1532 corona

262 1558 372 1611 cingi
410 1566 572 1613 poterat
615 1558 667 1599 cf.
696 1563 748 1607 4,
788 1560 865 1599 718
905 1567 947 1599 et
974 1573 1100 1612 supra
1130 1558 1211 1608 (II,
1242 1562 1293 1599 25
1324 1558 1401 1599 sub
1429 1562 1571 1608 extr.).
1628 1558 1738 1598 Tum
1770 1557 1908 1613 aquila
1937 1571 2014 1613 per
2043 1560 2140 1598 tecti
2169 1558 2353 1601 foramen
2383 1560 2536 1600 iterum
2567 1559 2642 1602 de-

261 1630 425 1671 volasse
454 1637 497 1671 et
527 1632 566 1670 in
596 1630 784 1683 margine
815 1637 1001 1671 extremo
1032 1629 1217 1684 ejusdem
1248 1629 1360 1671 illius
1387 1621 1638 1684 μελάθρου,
1669 1629 1792 1685 quale
1823 1642 1901 1670 nos
1932 1641 2058 1684 supra
2090 1629 2227 1671 animo
2257 1629 2481 1679 finximus,
2511 1631 2642 1673 consi-

261 1701 364 1742 dens
410 1714 558 1742 vocem
602 1701 780 1743 edidisse
821 1700 996 1742 videtur.
1069 1700 1192 1742 Hanc
1221 1700 1440 1750 rationem,
1470 1699 1596 1742 modo
1624 1714 1711 1741 rem
1742 1699 1797 1741 ita
1826 1698 1914 1742 fieri
1943 1699 2132 1755 potuisse
2162 1699 2383 1750 concedas,
2413 1699 2644 1745 Vossianae

259 1772 470 1826 praefero,
512 1787 564 1814 ne
595 1773 823 1828 simplicem
852 1765 1087 1827 μελάθρου
1116 1773 1211 1822 vim,
1243 1787 1369 1828 quam
1397 1787 1450 1814 ex
1479 1781 1671 1823 veterum
1700 1772 1976 1827 interpretum
2010 1772 2145 1813 verbis
2175 1773 2464 1823 enodavimus,
2496 1788 2547 1815 ex
2579 1787 2644 1814 ar·

260 1842 385 1886 bitrio
425 1852 613 1887 mutasse
656 1844 809 1887 videar.
867 1845 1013 1901 Neque
1043 1843 1253 1886 Eustathii
1291 1843 1515 1900 explicatio
1542 1842 1583 1884 in
1610 1843 1636 1886 l.
1667 1844 1692 1885 1.
1723 1843 1847 1885 allata
1878 1859 1887 1884 ε
1917 1842 2162 1898 Μέλαθρον
2192 1842 2242 1886 δὲ
2269 1842 2384 1886 nato?
2411 1839 2519 1894 totis
2545 1860 2640 1887 πα-

258 1913 409 1964 λαιοὺς
444 1914 498 1958 τό
540 1914 690 1969 ε’ξέχον
733 1916 824 1972 τῆς
871 1916 1046 1958 δοκοῦ
1085 1913 1243 1971 μέρος,
1290 1908 1403 1956 οὕτω
1431 1906 1659 1971 λεγόμενον
1688 1912 1766 1956 διὰ
1794 1909 1845 1956 τό
1871 1913 2164 1967 μελαίνεσθαι
2196 1914 2270 1957 καὶ
2300 1915 2527 1972 θέρεσθαι
2558 1912 2645 1958 {aad

258 1983 383 2040 ἡλίου
424 1988 575 2037 obstat,
624 2004 720 2031 nam
763 2004 884 2030 nemo
915 1989 967 2030 ob
998 1988 1078 2029 duo
1107 1997 1320 2043 postrema
1346 1988 1472 2028 verba
1502 1986 1776 2043 (quamquam
1808 2001 1955 2028 verum
1985 2001 2157 2043 quoque
2180 1985 2405 2043 μέλαθρον
2432 1987 2521 2029 sole
2553 1988 2641 2029 col-

259 2057 426 2101 lustrari
447 2060 585 2113 potuit
605 2076 643 2101 v.
673 2060 731 2108 II,
763 2064 813 2101 22
843 2068 938 2115 post
961 2060 1085 2112 med.)
1117 2060 1209 2100 loco
1241 2058 1511 2114 prominentis
1541 2059 1646 2112 tigni
1673 2058 1975 2106 transversarii,
2005 2058 2119 2112 quod
2150 2073 2172 2099 e
2202 2058 2365 2100 fumido
2394 2059 2536 2100 colore
2565 2075 2640 2100 no·

260 2144 356 2171 men
385 2129 594 2172 invenisse
623 2131 815 2180 traditur,
846 2131 975 2171 semel
1007 2139 1212 2189 supponet
1244 2145 1453 2170 summum
1482 2131 1646 2184 tignum
1676 2131 1776 2170 tecti
1804 2130 1846 2171 in
1876 2129 2008 2170 altum
2037 2138 2235 2177 erectum,
2267 2145 2396 2185 quum
2417 2129 2644 2185 μέλαθρον

261 2215 439 2255 usquam
488 2202 539 2243 de
584 2201 734 2244 domus
774 2201 939 2256 fastigio
984 2201 1140 2243 dictum
1184 2215 1276 2242 esse
1323 2216 1408 2242 non
1448 2209 1624 2243 constet.
1690 2201 1821 2243 Plane
1852 2201 1978 2255 igitur
2007 2200 2161 2254 probo,
2201 2202 2315 2255 quod
2344 2202 2477 2242 altera
2507 2203 2643 2242 versio

264 2269 467 2313 Vossiana
511 2271 539 2313 l.
578 2272 605 2313 l.
634 2272 803 2315 exhibet
833 2274 944 2313 ”und
971 2275 1063 2327 sass
1091 2275 1167 2326 aus
1192 2274 1281 2312 dem
1308 2273 1440 2313 Sae‘mse
1468 2273 1535 2313 des
1562 2271 1791 2320 Balkens«,
1822 2271 1948 2312 modo
1979 2286 2146 2313 mecum
2177 2271 2269 2313 oeci
2301 2272 2480 2312 virorum
2511 2270 2643 2322 μέλα-

259 2342 383 2397 θρον,
427 2358 510 2385 non
556 2343 706 2386 domus
747 2344 967 2385 mulierum
1005 2343 1226 2397 intelligas.
1267 2369 1321 2373 —
1364 2368 1406 2374 —-
1454 2346 1530 2392 22,
1560 2344 1653 2385 239.
1710 2343 1760 2384 In
1791 2350 1907 2384 tanta
1938 2341 2165 2383 lectionum
2200 2342 2415 2392 varietate,
2447 2359 2484 2384 v.
2515 2359 2642 2398 snpra
2684 2329 2689 2334 λ

261 2413 328 2462 D,
375 2414 426 2455 ad
474 2416 528 2463 1.)
559 2415 804 2456 alterutrum
836 2415 980 2467 datur;
1023 2423 1095 2455 aut
1125 2415 1298 2470 vulgata
1329 2414 1456 2456 verba
1488 2407 1642 2470 „Av'trJ
1673 2414 1902 2469 (Minerva)
1933 2412 1971 2455 δ’
2000 2409 2291 2462 αἰθαλόεντος
2319 2407 2400 2455 οἷνά
2432 2407 2641 2470 μεγάροιο

257 2483 486 2539 μέλαθρον
526 2481 665 2538 ‘'Eg‘e‘c’
715 2481 954 2539 α’ναΐξασα,
984 2479 1170 2538 χελιδόνι
1200 2483 1343 2541 εἰκέλη
1371 2479 1520 2541 ὅντηνα
1553 2485 1774 2527 retinenda
1805 2494 1915 2536 sunt,
1946 2494 2019 2525 aut
2050 2499 2101 2525 ex
2132 2483 2347 2525 Theocriti
2376 2485 2533 2526 scholio
2564 2500 2639 2540 pro

262 2552 554 2607 αἰθαλόεντος
582 2568 647 2610 et,
687 2575 794 2615 quae
833 2570 1079 2614 sequuntur,
1115 2559 1402 2614 recipiendum
1430 2566 1492 2599 est
1523 2550 1840 2604 »αἰθαλόειτας
1868 2549 1949 2597 ‹is-0}
1979 2555 2120 2610 ῥῶγας
2145 2551 2400 2610 μεγάροιοα.
2460 2556 2640 2598 Ceterae

260 2626 455 2670 lectionis
492 2630 717 2674 varietates
758 2640 1003 2687 corruptum
1042 2646 1135 2673 esse
1174 2646 1343 2673 versum
1384 2628 1589 2679 indicant,
1632 2628 1877 2671 medicinam
1917 2628 2140 2670 verborum
2186 2644 2268 2669 non
2305 2628 2517 2684 praebent.
2589 2626 2638 2668 In

259 2699 488 2753 vulgata
544 2717 654 2757 quae
706 2703 915 2745 offendere
968 2709 1220 2757 potuerunt,
1268 2701 1493 2758 primum
1540 2710 1639 2742 sunt
1668 2702 1793 2743 verba
1840 2694 2049 2755 μεγάροιο
2078 2698 2302 2753 μέλαθρον
2331 2704 2388 2746 (v.
2419 2699 2488 2739 Et.
2519 2699 2636 2739 Gud.

257 2783 299 2825 p.
328 2773 431 2821 382,
469 2775 520 2812 25
551 2781 593 2814 et
623 2774 952 2816 additamentum
975 2773 1025 2815 ad
1057 2773 1124 2815 Et.
1157 2773 1214 2816 M.
1245 2788 1267 2815 e
1298 2772 1389 2814 cod.
1419 2771 1557 2814 Havn.
1593 2774 1710 2821 1971,
1741 2787 1777 2812 v.
1811 2771 2045 2813 Emendatt.
2077 2769 2140 2810 ed.
2172 2768 2455 2825 Kulenkamp.
2486 2786 2527 2826 p.
2557 2772 2639 2811 960

259 2834 342 2881 »ου’
368 2839 453 2897 γάρ
482 2835 534 2882 ἂν
560 2843 685 2886 εἴποι
712 2859 779 2894 τις
808 2845 929 2887 οἴκου
958 2839 1139 2900 οἷκοςα),
1169 2844 1240 2887 sed
1266 2844 1373 2885 lianc
1393 2842 1680 2884 difficultatem
1707 2842 1794 2898 jam
1825 2841 1981 2896 antiqui
2011 2840 2272 2893 grammatici
2302 2839 2425 2882 facile
2454 2841 2637 2883 sustule-

257 2920 355 2953 runt
395 2913 725 2969 interpretando,
756 2919 843 2960 sive
869 2916 1096 2971 μέλαθρον
1125 2911 1172 2957 τὸ
1199 2908 1407 2957 ὑπότονον
1434 2907 1564 2967 ξύλον
1593 2928 1686 2955 esse
1717 2914 1954 2960 voluerunt,
1985 2912 2050 2951 Et.
2082 2911 2141 2952 M.
2171 2914 2267 2960 576,
2301 2916 2364 2960 16,
2394 2912 2490 2952 coll.
2522 2912 2637 2953 Gud.

256 2984 351 3032 385,
381 2986 420 3032 6,
463 2983 549 3025 sive
583 2978 658 3039 τήν
684 2984 824 3038 δοκόν,
859 3003 896 3029 v.
927 2987 1191 3030 scholiastam
1222 2986 1262 3027 in
1294 2985 1438 3043 Apoll.
1469 2984 1607 3026 Rhod.
1636 2983 1695 3033 ΙΙ,
1730 2986 1846 3031 1088,
1878 2982 1961 3022 sive
1987 2979 2063 3037 τήν
2092 2974 2268 3038 ὀροφήν,
2292 2998 2337 3026 ,v.
2370 2982 2483 3023 locos
2512 2997 2638 3038 supra

258 3052 312 3102 D,
342 3053 394 3095 ad
428 3054 483 3109 l.)
514 3059 763 3112 exscriptos.
819 3060 1036 3101 Deinde
1080 3067 1204 3108 sunt,
1233 3057 1388 3114 quibus
1418 3058 1635 3113 displiceat
1663 3054 1913 3110 adjectivum
1943 3050 2238 3103 αἰθαλόεντος
2270 3055 2473 3095 vocabulo
2502 3047 2636 3109 μεγά-

257 3137 351 3177 ροιο
380 3125 588 3177 additum,
618 3144 726 3179 non,
755 3130 811 3180 id,
849 3132 963 3187 quod
993 3140 1241 3188 exspectare
1270 3131 1462 3178 debebas,
1493 3124 1697 3169 vocabulo
1723 3124 1958 3179 μέλαθρον,
1989 3140 2098 3181 quae
2129 3141 2194 3168 res
2228 3127 2381 3167 Vossio
2411 3127 2514 3166 tanti
2543 3140 2636 3168 esse

257 3191 490 3245 videbatur,
518 3205 565 3237 ut
594 3213 713 3240 suam
744 3201 1029 3257 conjecturam
1058 3195 1309 3244 αἰθαλόεντι
1340 3194 1421 3242 α’να
1446 3192 1659 3256 μεγάροιο
1687 3188 1906 3251 μελάθρῳ
1936 3198 1976 3238 in
2010 3198 2208 3253 vulgatae
2237 3197 2377 3239 locum
2408 3196 2636 3240 substitue-

256 3272 320 3305 ret
356 3264 520 3332 (hymn.
557 3269 598 3308 in
641 3271 737 3312 Cer.
776 3273 828 3314 ad
866 3287 905 3314 v.
950 3276 1026 3315 187
1048 3297 1100 3303 —
1127 3274 1231 3328 189).
1304 3271 1463 3313 Tamen
1504 3270 1756 3326 adjectivum
1787 3260 2034 3320 αἰθαλόεις,
2065 3269 2254 3324 quamvis
2284 3277 2428 3324 aptum
2459 3267 2508 3310 sit
2542 3268 2639 3311 voci
