2955 3681
725 356 1263 424 luten-pretam»
1298 354 1605 442 tabulae
1635 355 2256 426 numm-apuleae.

433 570 581 625 Quum
631 571 674 614 in
723 570 1075 614 commentatione
1124 569 1178 613 de
1219 569 1342 613 aedd.
1387 570 1623 613 Homericis
1667 583 1796 628 saepe
1836 569 1891 613 ad
1931 570 2182 616 sententiam
2220 586 2354 616 meam
2394 571 2688 630 explicandam

292 642 424 688 literis
452 642 773 686 deformationis
802 657 903 685 usus
932 642 1032 694 sim,
1063 656 1190 699 quarn
1221 642 1352 699 priori
1381 642 1490 699 parti
1518 641 1769 697 adJeceram,
1796 640 1950 698 prioris
1978 641 2091 686 illius
2119 643 2247 687 libelli
2274 651 2415 688 autem
2444 644 2688 701 (program-

292 714 417 758 matis
451 714 664 772 gymnasii
703 711 913 757 Gissensis
943 713 1040 756 anni
1073 712 1209 769 1844)
1244 727 1381 770 pauca
1420 712 1613 769 exempla
1648 712 1809 770 reliqua
1848 712 1956 764 sint,
1996 723 2168 770 gratum
2212 716 2386 759 lecturis
2422 730 2491 759 me
2532 714 2687 759 fecisse

293 801 446 845 spero,
490 786 604 844 quod
632 784 813 828 formam
840 784 867 828 l.
895 783 923 827 l.
953 783 997 827 in
1025 784 1195 827 tabulae
1222 784 1257 826 1.
1287 784 1358 839 fig.
1387 784 1425 825 B
1456 784 1706 841 descriptam
1748 783 1794 827 in
1831 793 2024 827 extremo
2062 785 2144 828 hoe
2183 786 2327 829 libello
2364 787 2518 829 iterum
2547 786 2689 844 expri-

294 858 491 901 mendam
522 857 680 901 curavi.
737 855 892 913 Neque
930 854 1072 899 minus
1110 864 1257 913 aptum
1299 855 1545 906 videbatur,
1586 854 1833 899 Vossianam
1870 854 2234 899 adumbrationem
2269 857 2311 900 in
2347 857 2492 901 eadem
2530 858 2687 914 pagina

296 929 471 981 addere,
497 944 583 987 quo
610 926 775 971 facilius
801 934 947 986 posset.
979 927 1225 983 comparari.
1283 925 1406 979 Quae
1437 933 1655 983 praeterea
1681 926 1737 970 ibi
1767 926 1932 984 depicta
1960 928 2173 979 invenies,
2203 936 2303 972 sunt
2330 931 2429 985 fig.
2465 932 2494 973 1
2532 928 2686 972 Galeni

292 992 516 1055 μεσόδμαι
544 995 788 1057 (ὑπερῷα)
825 998 879 1041 cf.
909 1013 1037 1055 supra
1064 997 1130 1049 11,
1171 1013 1210 1054 p.
1239 1000 1305 1039 38.
1336 999 1408 1048 65,
1456 1000 1554 1053 fig.
1586 1000 1628 1042 2
1657 997 1835 1042 Ulixeae
1866 992 2093 1052 μεσόδμαι
2132 999 2184 1041 cf.
2224 1015 2265 1056 p.
2295 1004 2350 1042 39
2385 1016 2497 1057 sqq„
2541 1000 2686 1057 quales

294 1080 499 1128 utrasque
528 1071 573 1114 in
602 1086 706 1114 oeco
735 1071 923 1112 virorum
953 1076 1070 1111 stans
1099 1068 1141 1110 in
1171 1068 1306 1111 oculis
1335 1068 1536 1118 haberes,
1576 1071 1673 1125 fig.
1701 1072 1740 1113 8
1772 1068 2015 1113 deformatio
2045 1069 2211 1113 aedium
2244 1070 2493 1114 Ulixearum
2524 1072 2565 1113 in
2595 1071 2688 1115 cod.

293 1143 529 1199 Harlejano
557 1141 610 1185 ad
639 1155 679 1193 σ,
711 1144 789 1184 102
817 1140 1037 1198 descripta.
1084 1138 1151 1181 De
1181 1140 1260 1182 hac
1289 1154 1416 1195 supra
1444 1154 1485 1195 p.
1514 1143 1583 1190 48,
1612 1149 1754 1184 annot.
1787 1145 1839 1184 10
1865 1141 1996 1185 verba
2021 1141 2201 1193 feci,¹de
2218 1144 2316 1197 Ως.
2344 1146 2374 1186 1
2410 1151 2455 1185 et
2483 1144 2525 1186 2
2551 1158 2687 1199 pauca

293 1223 497 1258 annotare
526 1214 640 1257 libet.
698 1212 888 1255 Primum
930 1212 1016 1254 noli
1054 1218 1205 1267 putare
1241 1218 1470 1267 utramque
1505 1210 1684 1254 formam
1725 1211 1779 1254 ad
1808 1220 1961 1256 certam
1992 1212 2147 1271 pedum
2177 1227 2418 1257 mensuram
2447 1228 2687 1258 accommo-

294 1286 433 1330 datam
464 1301 569 1329 esse.
625 1283 753 1338 Quod
783 1283 818 1325 si
845 1283 1064 1334 fecissem,
1107 1283 1260 1324 Galeni
1295 1276 1527 1335 μεσόδμας
1563 1284 1698 1326 multo
1736 1284 1908 1328 altiores
1942 1284 2280 1341 descripsissem,
2327 1299 2453 1342 quam
2495 1283 2686 1329 Ulixeas.

294 1358 461 1403 Deinde
489 1356 613 1400 facile
643 1371 890 1410 cognosces,
919 1354 1086 1413 parietis
1115 1354 1335 1412 principali
1364 1354 1454 1397 oeci
1477 1355 1638 1411 januae
1666 1355 1825 1399 adversi
1855 1356 2032 1399 mediam
2061 1363 2225 1399 tantum
2250 1364 2291 1398 et
2312 1357 2499 1398 dextram
2522 1366 2686 1413 partem

294 1430 607 1481 adumbratam,
649 1427 859 1472 sinistram
895 1426 1092 1470 omissam
1132 1441 1236 1471 esse.
1294 1424 1518 1470 Postremo
1549 1442 1603 1470 ex
1631 1424 1706 1477 iis,
1747 1443 1857 1483 quae
1886 1428 1928 1470 in
1957 1428 2048 1483 ipsa
2076 1430 2429 1471 commentatione
2458 1431 2685 1485 disputavi,

291 1501 565 1559 intelligitur,
610 1513 678 1542 me
719 1513 803 1542 non
842 1497 1081 1549 adversari,
1127 1498 1159 1542 si
1195 1497 1290 1555 quis
1327 1497 1369 1541 in
1397 1489 1647 1551 μεσόδμαις
1674 1496 1880 1542 fenestras
1910 1508 2077 1556 apertas
2105 1498 2236 1542 fuisse
2266 1500 2409 1556 dicat3
2458 1503 2501 1542 in
2531 1502 2685 1543 Galeni

292 1573 428 1616 forma
455 1587 527 1616 eas
556 1571 696 1623 omisi,
742 1570 841 1628 quia
871 1570 923 1613 ab
953 1571 1040 1626 ipso
1071 1569 1277 1627 scriptore
1306 1568 1463 1612 mentio
1493 1568 1770 1613 fenestrarum
1801 1561 2019 1627 ὑπερῴων
2045 1570 2154 1614 facta
2182 1588 2267 1614 non
2297 1581 2400 1615 erat.
2457 1573 2616 1615 Contra
2642 1573 2685 1615 in

291 1635 739 1698 ΠΙὶΧείε-μεσόδμαις
767 1642 1026 1685 clathrorum
1056 1641 1187 1685 lineas
1217 1640 1396 1684 rariores
1426 1640 1568 1698 pinxi,
1611 1648 1658 1684 ut
1693 1648 1874 1699 utraque
1902 1641 2037 1698 janua
2077 1650 2119 1685 et
2177 1658 2264 1686 noa
2324 1635 2610 1699 (ὅρσοθιῖρα)
2640 1652 2685 1687 et

294 1732 392 1759 »αα
443 1709 741 1771 (αιῖθεντική)
778 1714 941 1756 facilius
980 1714 1317 1771 conspiceretur,
1359 1726 1467 1756 neve
1506 1712 1634 1756 nimia
1662 1712 1865 1758 linearum
1896 1714 2018 1771 copia
2045 1713 2184 1770 imago
2215 1713 2277 1758 rei
2304 1713 2429 1758 fieret
2457 1715 2684 1771 obscurior,

295 1804 423 1847 quam
452 1789 543 1845 ipsa
570 1802 651 1830 res.
709 1787 873 1829 Verum
904 1794 989 1836 est,
1028 1801 1135 1842 opus
1173 1799 1267 1828 esse
1305 1792 1378 1827 aut
1419 1784 1684 1842 spissioribus
1721 1785 1892 1828 clathris
1920 1784 2159 1839 μεσοδμῶν
2188 1794 2260 1829 aut
2289 1794 2437 1844 crypta
2465 1789 2686 1843 φραγμοῖς

292 1860 367 1903 καὶ
398 1857 555 1916 θυρίσι
584 1856 874 1916 περιεχομένῃ
904 1857 1061 1915 (supra
1089 1873 1131 1915 p.
1162 1860 1228 1912 38,
1259 1872 1296 1898 v.
1331 1858 1429 1909 13),
1472 1863 1520 1898 ut
1559 1855 1819 1899 Melanthius
1859 1855 2030 1900 Ulixem
2069 1856 2216 1900 fallere
2255 1858 2441 1914 potuisse
2478 1860 2684 1902 videatur.

293 1931 451 1974 Utrum
494 1932 548 1972 sit
589 1931 773 1980 rectius,
821 1944 907 1971 non
952 1928 1087 1985 magis
1132 1935 1294 1971 certum
1337 1934 1428 1979 est,
1477 1941 1604 1984 quam
1644 1927 1751 1983 q'uae
1786 1943 1852 1972 res
1888 1927 2059 1972 Ulixem
2088 1927 2379 1987 impediverit,
2428 1946 2513 1986 quo
2542 1930 2683 1973 minus

293 2002 577 2045 Melantliium
618 2015 695 2058 per
730 2014 784 2056 p.
814 2003 847 2044 1.
885 1999 1118 2059 (parietem
1160 1999 1495 2055 intergerivum)
1539 1998 1593 2041 ad
1633 1990 1887 2056 ὄρσοθύραν
1929 1999 2159 2044 enitentem
2207 2001 2491 2057 conspiceret,
2540 2009 2683 2044 utrum

290 2076 469 2116 crassior
513 2074 736 2122 columna,
786 2087 839 2114 an
882 2072 1025 2114 velum
1068 2070 1212 2123 μυχοῦ
1253 2070 1361 2127 parti
1407 2069 1643 2111 obductum
1681 2077 1758 2113 etc.
1788 2076 1868 2115 etc.
1926 2069 2124 2128 Singulas
2161 2070 2355 2128 imaginis
2393 2080 2536 2130 partes
2570 2071 2683 2117 haud

289 2162 416 2202 aegre
444 2161 664 2201 agnosceS,
694 2153 742 2186 ut
778 2143 842 2186 ηλ.
874 2139 942 2185 οζα
974 2136 1146 2198 (adcvm-
1173 2140 1309 2183 οὐδόν
1337 2143 1490 2183 domus
1518 2141 1786 2199 mulierum).
1843 2141 2042 2185 Plurimis
2070 2142 2196 2188 rebus
2239 2143 2377 2201 ipsum
2415 2159 2567 2189 nomen
2609 2144 2682 2190 ad-

294 2217 463 2275 scripsi,
504 2216 572 2268 id,
616 2216 730 2272 quod
760 2217 801 2258 in
832 2215 1042 2258 Vossiana
1070 2216 1205 2257 forma
1243 2215 1541 2258 universarum
1579 2215 1744 2256 aedium
1775 2214 1875 2272 (fig.
1904 2215 1976 2267 A)
2018 2222 2147 2272 atque
2186 2216 2228 2259 in
2265 2230 2359 2260 mea
2396 2216 2584 2273 ejusdem
2620 2218 2681 2262 rei

293 2289 576 2346 descriptione
614 2288 711 2343 (fig.
741 2288 809 2342 B)
847 2287 940 2330 fieri
978 2303 1063 2328 non
1103 2288 1253 2344 potuit.
1311 2286 1455 2339 Quare
1488 2286 1578 2342 jam
1608 2285 1717 2327 addo
1748 2285 2004 2343 singularum
2034 2287 2253 2331 literarum
2282 2288 2681 2347 interpretationem.

294 2362 393 2406 Hoc
424 2377 558 2404 unum
591 2368 731 2402 tamen
761 2374 1042 2417 praemonere
1071 2358 1224 2408 debeo,
1268 2374 1337 2401 me
1366 2359 1410 2400 in
1438 2372 1534 2399 mea
1563 2357 1727 2399 aedium
1757 2358 2073 2402 adumbratione
2103 2346 2375 2416 (anni18'44)
2404 2375 2519 2404 nune
2547 2375 2683 2418 pauca

293 2441 484 2477 mutasse
525 2431 573 2487 1)
611 2431 752 2474 locum
788 2422 1050 2487 ὀρσοθιῗρας
1083 2445 1124 2471 v.
1154 2445 1284 2487 supra
1313 2445 1352 2486 p.
1383 2433 1448 2472 62.
1479 2432 1558 2477 633
1609 2429 1661 2484 2)
1688 2429 1828 2472 locum
1857 2425 2052 2487 ἐσχάρας
2079 2445 2176 2474 cum
2205 2432 2306 2474 sede
2335 2432 2477 2474 matris
2505 2432 2682 2475 familias

293 2505 422 2562 paulo
458 2503 636 2561 propius
676 2501 859 2543 medium
898 2515 1047 2542 oecum
1089 2501 1324 2555 designavi,
1369 2516 1407 2541 v.
1441 2500 1496 2554 II,
1526 2516 1566 2557 p.
1601 2503 1662 2543 19.
1690 2504 1755 2542 20.
1811 2500 1862 2543 In
1891 2501 2237 2559 interpretatione
2264 2501 2488 2562 literarum·
2511 2502 2682 2546 easdem

293 2575 348 2618 ob
378 2589 526 2617 causas
554 2571 631 2631 τήν
660 2563 921 2628 αὐθεντικῆν
947 2571 1026 2626 (4¹)
1062 2579 1103 2613 et
1137 2567 1210 2627 τῆν
1247 2564 1505 2629 ὀρσοθιῖραν
1534 2570 1627 2629 (4”)
1665 2587 1777 2615 nunc
1814 2572 2007 2625 distinxi,
2047 2580 2194 2616 contra
2224 2571 2274 2629 (l‘
2303 2581 2345 2617 et
2375 2573 2436 2629 m)
2464 2573 2612 2632 ῥῶγας
2640 2582 2683 2618 et

293 2639 524 2700 μεσόδμας
552 2660 665 2687 nune
696 2634 899 2700 conjunxi
929 2644 1001 2696 (cf.
1032 2657 1157 2699 supra
1185 2659 1225 2700 p.
1256 2645 1453 2697 47-53).

1414 2763 1453 2807 ΡΙ
1489 2795 1498 2803 .
1528 2762 1572 2806 Α.

1028 2840 1119 2876 Des
1149 2839 1375 2883 odysseus
1403 2774 1647 2883 wintrung
1673 2840 1788 2875 nach
1814 2841 1942 2878 Voss.

389 2926 431 2952 a.
455 2917 523 2951 Die
548 2917 667 2949 Manet·
690 2916 755 2949 mit
777 2916 909 2949 Zinnen
935 2927 943 2948 ε
970 2914 1098 2958 odyss.
1122 2913 1234 2955 XVII,
1261 2916 1337 2948 267.
1372 2913 1501 2954 XVIII,
1529 2915 1605 2946 102.
1638 2912 1750 2956 XXII,
1774 2916 1852 2949 439.
1878 2933 1920 2939 —
1945 2917 1986 2950 b.
2010 2913 2191 2948 Steiueme
2215 2915 2309 2948 Sitne
2333 2927 2342 2948 ε
2366 2915 2463 2954 XVI,
2488 2917 2570 2957 543,
2593 2915 2683 2950 links

295 2975 351 3008 fiir
375 2974 441 3008 den
465 2974 602 3018 Kenig,
626 2976 693 3007 wie
718 2975 772 3006 bei
794 2974 937 3015 Nestor,
962 2972 1032 3017 111,
1058 2973 1136 3005 406.
1162 2989 1202 2996 —
1227 2974 1275 3007 A.
1301 2969 1617 3005 Wirthsehaitsbof
1628 2994 1638 3011 ,
1671 2970 1754 3006 oder
1778 2972 1940 3015 Gehege,
1974 2973 2031 3006 fiir
2063 2972 2130 3006 den
2155 2972 2286 3006 Unrath
2319 2974 2380 3007 der
2401 2972 2504 3016 Kiihe
2528 2973 2599 3006 und
2622 2976 2682 3007 der

296 3032 429 3066 stalle:
456 3033 569 3073 XVII,
595 3034 674 3071 266,
701 3034 777 3065 297.
801 3031 916 3072 XXII,
940 3034 1018 3063 442.
1039 3047 1079 3055 -
1102 3040 1138 3065 c.
1163 3030 1237 3062 Das
1255 3030 1350 3063 Thor
1371 3030 1436 3062 mit
1459 3029 1638 3071 doppelter
1657 3028 1786 3073 Pforte,
1810 3029 1987 3073 inweudig
2010 3030 2219 3073 verriegelt:
2243 3031 2357 3073 XVII,
2383 3033 2459 3064 267.
2483 3031 2580 3073 XXI,
2605 3033 2683 3066 389.

298 3109 340 3117 —
365 3092 407 3125 d.
433 3090 588 3123 Sebauer
616 3090 673 3122 fiir
697 3090 761 3122 den
786 3089 954 3121 Hoshund
980 3100 988 3120 :
1020 3088 1140 3126 XVII,
1168 3090 1242 3119 291.
1268 3106 1308 3111 —
1343 3099 1384 3122 e.
1409 3087 1517 3119 stane
1542 3087 1595 3118 fiir
1617 3087 1823 3120 Maulthiere
1847 3088 1918 3120 und
1941 3087 2072 3120 Rinder
2096 3098 2105 3119 ε
2137 3087 2257 3129 xvn,
2285 3089 2361 3121 298.
2407 3087 2533 3121 Pferde
2565 3098 2682 3122 waren

294 3147 331 3181 in
350 3146 473 3180 Ithaka
496 3146 620 3180 nicht:
642 3145 704 3186 lv,
731 3148 809 3180 607.
834 3164 875 3171 —
897 3148 930 3181 f.
954 3145 1050 3178 Zwei
1065 3144 1204 3185 Hallen,
1230 3143 1318 3177 links
1341 3145 1396 3177 siir
1420 3142 1689 3186 augebundenes
1717 3145 1987 3178 Sohlaehtvieh:
2010 3145 2090 3185 XX,
2118 3147 2194 3184 176,
2221 3147 2286 3178 189
2309 3145 2395 3187 (vgl.
2424 3147 2512 3188 164).
2553 3145 2681 3178 Rechts

290 3204 409 3239 lehnte
440 3213 519 3236 man
553 3204 607 3236 die
638 3203 773 3247 Wageu
807 3212 851 3236 an
885 3202 1062 3246 geweisste
1086 3201 1255 3234 wanda:
1287 3200 1352 3244 IV,
1381 3203 1436 3235 42.
1459 3218 1500 3226 —
1533 3210 1575 3243 g.
1601 3199 1674 3234 Das
1703 3200 2036 3244 Kiichengewtilbe:
2068 3202 2190 3242 XXII,
2220 3205 2298 3234 442.
2346 3201 2410 3233 Um
2442 3202 2565 3235 dessen
2594 3204 2682 3244 spitz

296 3263 519 3295 ausiausende
542 3262 677 3302 Kuppel
710 3271 775 3292 von
800 3261 860 3292 der
884 3261 993 3292 zinne
1017 3260 1078 3291 der
1104 3258 1269 3291 voi-deren
1292 3259 1414 3293 Manet·
1438 3260 1494 3292 ein
1505 3257 1576 3291 Seil
1600 3267 1677 3291 zum
1698 3258 1906 3303 Aut'hiingen
1931 3259 1992 3292 der
2014 3258 2119 3292 zwiill'
2140 3256 2347 3301 schuldigen
2363 3257 2493 3303 Magus
2511 3263 2682 3301 gespannt

296 3321 416 3353 wurde
438 3330 449 3351 ι
479 3318 602 3358 XXII,
633 3320 711 3352 466.
759 3319 830 3351 Der
860 3318 1023 3360 Eingang
1045 3316 1139 3360 (33)
1171 3317 1218 3349 ist
1247 3317 1356 3349 durch
1387 3318 1448 3349 das
1476 3316 1625 3347 Zimmer
1660 3315 1721 3348 des
1744 3316 1932 3359 Zet-legem.
1956 3332 2001 3340 —
2030 3318 2075 3351 h.
2108 3314 2360 3359 Doppelpforte
2393 3326 2453 3349 zur
2490 3316 2592 3351 Halle
2621 3316 2682 3351 des
