2955 3681
1409 102 1470 147 44

249 251 480 293 sacerrimo
520 249 564 292 in
594 249 739 292 mediis
767 247 942 290 aedibus
971 246 1051 288 sito
1080 245 1230 300 (supra
1258 244 1323 295 ΙΙ,
1369 244 1441 300 20)
1471 245 1743 301 antiquissimi
1775 246 1927 291 Graeci
1955 246 2021 290 usi
2059 247 2140 290 sint
2176 246 2227 288 ad
2269 245 2387 288 cibos
2424 245 2638 304 parandos

245 322 394 377 (addit.
425 322 480 365 ad
508 321 637 364 Beck.
665 318 848 362 Charicl.
878 317 943 360 ed.
973 317 1060 367 2⁶⁸,
1097 331 1138 373 p.
1168 319 1239 366 74,
1275 316 1383 368 init.)
1411 323 1454 358 et
1481 315 1592 358 idem
1619 319 1848 362 memoriae
1877 319 2090 375 proditum
2119 319 2171 361 sit
2199 317 2252 362 de
2279 316 2450 375 antiquo
2480 317 2636 360 Roma-

245 407 397 437 norum
435 392 563 444 atrio,
612 391 654 434 in
694 405 780 447 quo
819 404 953 447 prope
993 388 1111 432 focos
1151 387 1390 445 penetrales
1428 387 1626 444 „antiqui
1666 388 1985 445 epulabantur«
2027 391 2155 444 (Cato
2197 391 2310 449 apud
2354 389 2549 433 Servium
2589 390 2632 432 in

244 464 367 523 Virg.
387 466 500 508 Aen.
533 463 568 515 Ι,
591 463 704 517 730).
747 460 921 506 Servius
949 461 1059 506 enim
1090 459 1143 503 ad
1172 459 1199 504 l.
1217 459 1244 503 l.
1274 459 1390 503 addit
1421 458 1526 502 „ibi
1554 466 1607 503 et
1636 458 1818 503 culina
1846 470 1988 504 erat«
2019 463 2073 505 cf.
2094 462 2212 505 Rein.
2234 462 2287 504 ad
2307 462 2437 505 Beck.
2459 461 2632 504 Gallum

243 537 309 579 ed.
340 536 459 579 alter.
488 542 590 578 tom.
618 533 678 586 ΙΙ,
708 549 748 592 p.
780 536 873 578 170.
928 533 1082 591 Neque
1113 532 1281 584 dubito,
1322 547 1346 575 e
1374 547 1459 589 quo
1486 531 1604 588 tigno
1634 531 1719 574 sive
1749 531 1938 576 tabulato
1966 534 2130 577 fumoso
2160 531 2414 591 (μελάθρῳ)
2444 534 2633 576 Graecos

242 608 417 664 antiquo
456 622 577 650 more
613 606 729 649 varia
766 607 1049 649 instrumenta
1085 603 1335 662 pependisse
1362 603 1611 663 videantur,
1641 602 1746 646 Hes.
1776 600 1809 646 ε’.
1838 618 1877 646 κ.
1909 600 1946 658 ἡ.
1976 607 2029 647 45
2060 613 2103 648 et
2133 608 2212 647 629
2244 599 2491 661 »πηδάλιον
2518 600 2633 660 ὑπὲρ

242 677 436 721 καπνοῦιι
468 678 541 734 (cf.
562 678 784 720 Heliodor.
806 677 1048 734 Aethiopic.
1066 676 1123 727 V,
1149 680 1175 718 3
1206 674 1306 717 »καὶ
1335 668 1437 730 ἄρτι
1464 672 1544 727 μὲν
1569 668 1853 730 ὑπερθύροις
1879 667 1981 732 ἄρτι
2011 674 2061 718 δὲ
2091 668 2295 726 σκεύεσιν,
2324 675 2370 718 εἴ
2397 692 2460 733 πῃ
2485 692 2528 719 τι
2554 677 2634 732 τῆς

239 743 404 805 ὀροφῆς
437 743 626 805 ἤρτητο,
673 743 748 804 τήν
774 743 966 804 κεφαλὴν
1011 738 1406 803 προσαρᾶσσωνα),
1454 760 1508 787 ex
1546 744 1757 786 simillimo
1797 745 1992 801 antiquos
2031 747 2245 789 Romanos
2283 747 2553 804 suspendisse
2589 756 2633 790 et

243 819 435 865 »robora
460 821 625 863 stivae«
670 819 792 874 Virg.
823 818 983 874 Georg.
1011 817 1047 868 Ι,
1081 819 1157 860 175
1186 825 1229 860 et
1271 831 1421 858 »arma
1461 816 1638 859 venandi
1684 816 1862 859 laxanda
1902 816 2055 859 fumo«
2106 818 2227 861 Grat.
2258 819 2293 860 F
2296 818 2409 861 alise.
2439 834 2479 861 v.
2510 821 2561 860 56
2591 827 2633 861 et

243 907 388 950 „quae
415 894 585 935 fumoso
615 906 820 948 suspensa
849 890 983 946 tigillo
1013 888 1300 932 conservabat
1328 902 1426 944 opes
1454 888 1624 930 humilis
1654 903 1783 931 casa«
1824 888 1993 930 Petron.
2034 905 2070 932 c.
2101 893 2178 933 136
2220 891 2343 946 (coll.
2372 890 2495 934 Ovid.
2525 891 2632 935 Met.

240 964 367 1015 VIII,
394 966 474 1007 649
503 970 546 1006 et
576 961 731 1006 Vossio
762 962 814 1005 ad
836 962 996 1017 Georg.
1027 960 1084 1011 II,
1114 963 1227 1013 242).
1284 961 1397 1002 Hinc
1424 975 1670 1017 comparare
1701 961 1841 1004 licebit
1870 953 2063 1017 προῦχον
2088 961 2319 1018 μέλαθρον
2347 963 2496 1020 (supra
2515 964 2633 1021 pagi-

240 1052 297 1079 na
322 1040 391 1086 41,
424 1053 461 1078 v.
485 1037 554 1085 12)
576 1050 674 1077 cum
693 1034 899 1076 Plautinis
929 1032 1067 1075 verbis
1096 1032 1309 1086 (Aulular.
1340 1032 1398 1082 ΙΙ,
1426 1036 1467 1082 4,
1497 1034 1567 1086 22)
1599 1032 1698 1077 „Det
1722 1048 1797 1075 suo
1827 1032 1960 1088 tigillo
1989 1033 2133 1075 fumus
2165 1035 2197 1076 si
2228 1049 2310 1090 qua
2339 1035 2425 1078 exit
2453 1034 2630 1085 foratu-⁶3

241 1117 412 1165 praeter
455 1107 568 1163 quod
611 1105 803 1161 tignum,
851 1104 1023 1162 opinor,
1069 1104 1215 1146 fumus
1246 1104 1296 1145 ad
1334 1103 1438 1144 tecti
1477 1103 1665 1146 foramen
1705 1103 1920 1146 etiamtum
1963 1103 2131 1146 evolare
2172 1104 2359 1156 solebat,
2408 1115 2631 1163 postquam

243 1180 497 1237 (posteriore
526 1178 742 1235 tempore)
780 1180 874 1226 τοῖς
905 1174 1179 1233 μαγειρείοις
1214 1169 1462 1230 καπνοδόχη
1502 1174 1807 1232 σωληνοείδης,
1851 1175 1910 1217 δι’
1938 1167 1986 1232 ἧς
2014 1171 2039 1218 ὁ
2063 1169 2227 1226 κάπνος
2256 1172 2395 1230 ἔξεισι
2422 1178 2632 1235 cujusque

241 1251 383 1304 πῶμα
422 1249 661 1307 appellatur
695 1247 823 1304 τηλία
862 1248 976 1304 apud
1021 1247 1166 1290 scholl.
1209 1247 1252 1288 in
1294 1247 1423 1288 Arist.
1468 1246 1599 1302 Vesp.
1644 1262 1681 1289 v.
1715 1250 1802 1289 143.
1843 1248 1917 1290 147
1962 1255 2005 1289 et
2047 1247 2162 1291 Suid.
2206 1248 2248 1290 in
2289 1263 2327 1290 ν.
2364 1247 2518 1305 τηλία,
2566 1250 2632 1292 in-

240 1331 364 1367 venta
394 1329 471 1364 est.
2200 1362 2203 1364 ,

376 1393 472 1436 Jam
493 1390 693 1435 facillime
713 1391 962 1447 explicatur,
985 1390 1256 1447 quamobrem
1274 1390 1428 1433 Graeci
1448 1384 1681 1448 μελάθρου
1701 1405 1865 1441 nomen,
1887 1390 2014 1447 quod,
2035 1400 2082 1432 ut
2102 1392 2322 1448 antiquum
2340 1393 2628 1435 Romanorum

242 1467 419 1520 atrium,
466 1463 740 1507 sacerrimum
781 1462 923 1504 locum
965 1462 1139 1511 domus,
1180 1461 1411 1515 penetralia
1449 1463 1643 1516 aedium,
1681 1461 1936 1515 significasse
1967 1462 2366 1513 demonstravimus,
2403 1472 2549 1519 postea
2578 1464 2630 1505 ad

241 1536 463 1579 universas
500 1535 629 1577 aedes
670 1532 970 1575 transtulerint.
1027 1532 1153 1574 Hanc
1182 1532 1224 1574 in
1255 1548 1342 1575 rem
1372 1531 1482 1574 enim
1516 1549 1596 1574 non
1628 1533 1753 1575 modo
1783 1532 1929 1574 afferre
1959 1533 2053 1576 licet
2082 1534 2208 1576 verba
2237 1535 2446 1577 Eustathii
2485 1537 2631 1591 (supra

240 1608 281 1649 D
310 1607 364 1649 ad
394 1610 470 1660 2.))
504 1603 552 1647 ἐκ
590 1596 745 1647 τούτου
779 1602 852 1645 καὶ
891 1599 917 1644 o‘
953 1596 1055 1653 ὅλος
1091 1597 1215 1653 οἶκος
1239 1602 1491 1660 μέλαθρον,
1533 1597 1687 1661 ὥσπερ
1716 1603 1789 1646 καὶ
1818 1597 1909 1647 α’πὸ
1934 1602 2083 1654 ἑστίας
2108 1606 2186 1662 τῆς
2213 1605 2298 1647 τοῦ
2326 1603 2466 1663 πυρὸς
2494 1601 2555 1655 ὠς
2584 1604 2630 1649 ἐκ

238 1678 398 1736 μέρους
424 1675 548 1721 ἑστία
575 1672 624 1719 τό
651 1668 751 1718 ὅλον
777 1675 938 1731 οἴκημα
948 1708 960 1728 ,
999 1676 1075 1717 sed
1114 1675 1241 1717 etiam
1280 1671 1530 1717 simillimam
1562 1676 1875 1718 translationem
1906 1676 1947 1718 in
1978 1677 2229 1720 Germanica
2260 1692 2364 1720 voce
2394 1678 2630 1720 admissam.

239 1752 350 1794 Nam
382 1765 530 1793 vocem
560 1750 793 1791 chemindtd
821 1747 992 1802 (alud),
1025 1749 1263 1797 claeemendte,
1294 1747 1518 1789 Kemenate
1546 1748 1709 1803 (mm),
1741 1764 1921 1804 quacum
1952 1750 2143 1804 Benary,
2184 1748 2363 1791 Zeitsch.
2389 1749 2428 1805 f.
2457 1751 2631 1806 Spracle-

240 1825 364 1880 veryl.
405 1839 442 1863 v.
482 1820 657 1862 Kirchlz.
692 1836 733 1861 u.
771 1819 904 1875 Aufr.
932 1819 1045 1873 Heft
1083 1818 1130 1868 I,
1167 1835 1211 1874 p.
1247 1821 1303 1859 77
1341 1820 1606 1861 Graecorum
1640 1818 1869 1874 μέλαθρον
1908 1822 2187 1876 comparavit,
2232 1835 2355 1863 nemo
2397 1835 2480 1863 non
2520 1821 2633 1865 videt

241 1894 352 1937 idem
375 1908 480 1943 esse,
509 1891 625 1948 quod
645 1890 775 1934 latina
794 1891 938 1946 lingua
958 1891 1121 1933 mediae
1150 1890 1300 1932 aetatis
1330 1891 1591 1932 nominatum
1621 1891 1673 1932 sit
1701 1893 1970 1941 »caminata«,
2003 1900 2045 1933 et
2074 1907 2098 1933 a
2129 1893 2340 1934 »camino«
2365 1892 2517 1935 dictam
2538 1907 2631 1935 esse

242 1965 319 2020 (cf.
347 1965 556 2006 Italorum
584 1963 796 2005 caminata
824 1963 948 2011 Saul,
987 1961 1206 2003 Gallorum
1243 1962 1444 2003 chemz’ne‘e
1472 1962 1724 2019 Rauclefanq
1753 1962 1861 2004 Dz‘ez
1897 1970 2012 2018 etym.
2051 1963 2241 2006 Wonerb.
2279 1963 2320 2006 d.
2349 1979 2504 2007 roman.
2534 1964 2631 2021 Spr.

237 2053 283 2094 p.
311 2035 405 2090 83).
462 2035 594 2078 Recte
636 2034 766 2091 igitur
802 2033 945 2088 glossa
974 2032 1153 2076 Aelfrici
1180 2033 1293 2088 apud
1323 2033 1440 2075 Diez.
1470 2034 1496 2073 l.
1527 2033 1555 2075 1.
1587 2035 1853 2074 „caminatum
1879 2031 2052 2089 sjjrhus
2089 2034 2414 2091 (Fenerhaus).“
2471 2036 2632 2079 Tamen

242 2107 388 2151 eadem
429 2123 511 2149 vox
553 2121 638 2148 non
676 2104 803 2148 modo
842 2105 1047 2147 conclave
1085 2104 1248 2146 camino
1277 2104 1550 2158 instructum,
1589 2106 1663 2147 sed
1692 2105 1866 2161 quodvis
1898 2107 2118 2158 conclave,
2159 2107 2287 2148 immo
2325 2107 2633 2164 quamlibet

241 2180 448 2222 domum
479 2178 709 2234 significat,
740 2177 795 2220 cf.
825 2177 1042 2220 Schmeller
1081 2177 1194 2232 bayr.
1237 2176 1435 2218 Wb‘rterb.
1465 2176 1540 2229 II,
1571 2177 1680 2225 295,
1710 2178 1767 2218 ita
1792 2185 1841 2218 ut
1869 2178 2076 2219 simillima
2105 2179 2319 2220 translatio
2346 2178 2389 2220 in
2421 2178 2629 2222 simillima

240 2266 286 2294 re
315 2251 428 2293 facta
456 2250 518 2292 sit.
1437 2255 1443 2260 '

379 2323 550 2378 Duplex
587 2329 728 2364 tamen
773 2320 1001 2363 difficultas
1040 2320 1081 2362 in
1118 2334 1190 2370 ea,
1225 2333 1351 2376 quam
1395 2333 1523 2375 supra
1554 2318 1875 2374 explicavimus,
1913 2315 2150 2375 μελάθρου
2178 2319 2338 2362 ratione
2368 2321 2632 2375 relinquitur,

241 2397 513 2449 primum,
545 2393 657 2449 quod
679 2407 755 2434 nos
773 2390 1002 2448 μέλαθρον
1030 2392 1139 2433 idem
1171 2405 1262 2433 esse
1292 2389 1597 2438 contendimus,
1628 2398 1753 2445 atque
1783 2391 2014 2446 penetralia
2035 2391 2184 2432 domus
2205 2392 2631 2448 (Famz‘lienzimmer)‚

241 2467 282 2507 in
313 2464 464 2520 quibus
494 2464 681 2520 hospites
711 2477 843 2520 prope
872 2462 1016 2505 focum
1048 2461 1185 2519 excipi
1216 2457 1560 2517 (ἑστιᾶσθαι),
1603 2462 1796 2505 mulieres
1840 2464 2079 2517 familiaque
2108 2463 2220 2503 haud
2251 2478 2347 2503 raro
2377 2464 2535 2504 versari
2564 2465 2629 2504 vel

242 2535 406 2592 epulari
435 2534 544 2576 soliti
573 2533 747 2576 fuerint.
798 2533 884 2576 Alii
914 2548 1013 2576 vero
1042 2532 1083 2575 in
1114 2531 1211 2575 aula
1239 2532 1379 2587 potius
1410 2532 1450 2574 id
1480 2530 1635 2574 factum
1665 2549 1756 2575 esse
1788 2535 1945 2576 docent
1964 2550 1987 2575 e
2008 2534 2225 2575 Plutarchi
2247 2535 2383 2574 verbis
2406 2536 2456 2575 de
2477 2537 2633 2575 curios.

242 2621 277 2649 c.
299 2611 324 2648 3
345 2598 491 2648 πάλαι
511 2628 565 2634 —
585 2598 757 2662 ῥόπτρα
775 2596 966 2661 κρουόμε
987 2597 1152 2661 ναπρός
1170 2603 1268 2654 ταῖς
1287 2595 1453 2659 θύραις
1474 2601 1686 2659 αἴσθησιν
1705 2608 1926 2659 παρεῖχεν,
1954 2602 2025 2646 ἵνα
2043 2599 2103 2660 μή
2125 2604 2202 2660 τὴν
2229 2603 2561 2647 οἰκοδέσποιναν
2587 2606 2631 2648 ἐν

238 2678 358 2733 μέσῳ
387 2670 615 2733 καταλάβῃ
644 2672 667 2717 ὁ
693 2673 943 2733 ἀλλότριος,
972 2670 997 2731 ἢ
1024 2669 1099 2731 τήν
1127 2673 1350 2730 παρθένον
1377 2668 1401 2728 ἢ
1430 2667 1714 2727 κολαζόμενον
1741 2672 1929 2733 οἰκέτην,
1957 2669 1981 2732 ἢ
2007 2675 2267 2731 κεκραγυίας
2292 2674 2375 2726 τᾶς
2403 2679 2629 2732 θεραπαι-

238 2748 363 2798 νίδας
401 2757 442 2791 et
473 2747 694 2792 Demosth.
733 2749 823 2789 κατ’
853 2739 1010 2803 Ειῖέργ.
1054 2749 1105 2789 55
1145 2743 1293 2799 ε”τυχεν
1330 2744 1354 2804 ἦ
1381 2742 1481 2802 γυνή
1510 2761 1594 2797 μου
1619 2746 1731 2799 μετὰ
1756 2748 1843 2790 τῶν
1880 2746 2075 2791 παιδίων
2102 2741 2331 2804 α’ριστιῦσα
2359 2748 2404 2791 ἐν
2430 2750 2484 2808 τῇ
2513 2744 2630 2807 αὐλῇ

240 2838 277 2863 κ.
311 2837 348 2863 τ.
389 2820 427 2863 λ.
478 2820 538 2875 (ν.
568 2820 804 2862 Hermanni
850 2818 977 2861 addit.
1024 2820 1064 2860 in
1102 2820 1280 2862 Beckeri
1309 2819 1545 2862 Chariclem
1586 2835 1623 2873 p.
1655 2820 1739 2875 76).
1807 2821 1891 2863 Sed
1931 2828 2045 2863 certe
2083 2821 2275 2876 epulatos
2313 2836 2404 2864 esse
2432 2820 2630 2877 antiquos

241 2893 432 2934 homines
475 2906 601 2949 saepe
638 2905 772 2949 prope
808 2889 950 2932 focum
993 2889 1054 2943 (in
1092 2892 1217 2946 μυχῷ
1254 2891 1325 2934 illo
1364 2883 1618 2946 μελάθρου)
1652 2891 1740 2947 jam
1777 2902 1894 2934 recte
1924 2892 2135 2947 colligitur
2164 2907 2216 2934 ex
2247 2892 2380 2934 verbis
2413 2893 2629 2948 Aristoph‚

243 2964 341 3006 Pac.
377 2968 479 3006 1130
509 2974 550 3006 et
577 2969 625 3005 31
669 2957 746 3005 »οὕ
771 2961 855 3019 γάρ
886 2961 1064 3019 φιληδῶ
1089 2955 1272 3014 μάχαις,
1300 2957 1412 3005 ἀλλά
1444 2960 1559 3019 πρὸς
1587 2963 1677 3018 πῦρ
1708 2963 1890 3006 διέλκων
1916 2962 2009 3015 μετ’
2039 2957 2211 3018 α’νδρῶν
2237 2961 2422 3019 ἑταίρων
2450 2962 2630 3017 ([ίλωνα.

241 3035 472 3078 Scholiasta
503 3038 613 3077 enim
641 3036 693 3076 ad
724 3049 764 3076 v.
790 3038 887 3076 1131
926 3032 1153 3086 πσυμπίνω
1184 3033 1256 3076 καὶ
1285 3027 1539 3087 εὐωχοῦμαι
1569 3028 1700 3088 πρὸς
1727 3029 1789 3076 τό
1817 3035 1952 3089 πῦρ,
1987 3034 2179 3077 τουτέστι
2215 3035 2348 3086 μέσον
2385 3034 2459 3089 τῆς
2487 3030 2632 3084 οἰκίας

239 3099 563 3158 καθεζόμενοςα
604 3115 644 3147 et
675 3107 727 3146 ad
760 3121 905 3147 vocem
938 3104 1122 3147 διέλκων
1149 3121 1158 3145 :
1192 3102 1392 3159 »Διάγων
1429 3101 1584 3161 παρά
1618 3106 1677 3162 τῇ
1715 3103 1905 3162 {orique
1945 3105 1998 3148 cf.
2043 3106 2166 3149 etiam
2196 3106 2305 3149 Plat.
2350 3106 2401 3148 de
2430 3120 2518 3162 rep.
2549 3107 2629 3157 IV,

238 3194 280 3234 p.
310 3182 413 3232 420,
463 3194 486 3220 e
532 3173 656 3226 »τούς
694 3176 912 3233 κεραμέας
941 3176 1272 3225 κατακλίναντες
1299 3174 1374 3219 ἐπὶ
1406 3171 1535 3229 δεξιοὶ
1564 3172 1698 3232 πρὸς
1724 3173 1783 3219 τό
1812 3178 1921 3234 πῦρ
1953 3172 2237 3226 διαπίνοντάς
2263 3191 2310 3219 τε
2338 3175 2411 3219 καὶ
2441 3171 2631 3231 εὐωχου-

235 3249 431 3303 μένουςα.
477 3249 532 3291 Et
569 3247 714 3303 quidni
745 3248 867 3290 variis
897 3251 992 3290 anni
1023 3249 1285 3304 temporibus
1313 3250 1453 3290 locum
1487 3250 1686 3289 coenandi
1708 3250 1896 3291 Graecos
1919 3258 2102 3291 mutasse
2125 3257 2336 3306 putemus,
2367 3255 2415 3289 ut
2433 3250 2631 3306 antiquos

238 3321 467 3375 Romanos,
497 3318 547 3363 cf.
579 3319 719 3362 Varro
750 3319 802 3362 de
833 3320 916 3362 vita
945 3337 1044 3377 pop.
1077 3320 1196 3363 Rom.
1227 3319 1339 3376 apud
1367 3320 1476 3362 Non.
1506 3320 1563 3369 II,
1597 3325 1671 3361 112
1701 3322 1838 3374 (Rein.
1868 3321 1920 3361 ad
1950 3322 2126 3362 Beckeri
2147 3322 2318 3361 Gallum
2348 3321 2404 3371 11,
2434 3337 2474 3378 p.
2507 3320 2631 3376 180)=
