2955 3681
1433 99 1496 148 81

273 242 411 286 verbis
439 238 567 299 παρά
594 241 798 295 σταθμὸν
819 241 969 297 τέγεος
995 242 1215 285 indicatur.
1258 243 1321 286 Ea
1348 243 1489 293 modo,
1516 244 1713 298 quoniam
1741 257 1770 286 e
1792 243 2016 286 mulierum
2045 244 2172 287 domo
2199 243 2255 286 ad
2279 240 2471 298 μέγαρον
2487 243 2661 295 (cecum

277 314 484 368 virorum)
513 314 712 363 ducebat,
741 313 964 367 significari
988 313 1124 370 potuit
1153 313 1289 357 verbis
1320 312 1482 372 »παρα
1509 312 1714 368 σταθμόν
1736 305 1994 370 μεγάροιο
2005 330 2042 365 ιι,
2071 322 2122 358 ut
2151 314 2214 364 17,
2236 315 2309 365 96;
2339 313 2466 357 modo
2495 315 2663 360 nomine

273 379 477 439 σταθμός
510 384 678 440 τέγεος,
719 386 916 441 quoniam
955 399 1007 428 ex
1045 398 1148 428 oeco
1185 386 1375 428 virorum
1409 385 1464 428 ad
1501 386 1724 430 mulierum
1763 385 1939 442 domum
1972 384 2113 428 multis
2145 382 2291 440 τέγεσι
2321 384 2408 428 sive
2436 377 2663 441 ὕπερῴοις

271 456 476 513 insignem
505 456 727 499 transitum
756 455 985 512 aperiebat.
1027 455 1113 499 Sed
1142 471 1194 499 ne
1221 463 1424 512 repetam,
1454 471 1565 512 quae
1593 471 1724 514 supra
1753 455 1838 499 dixi
1864 456 1918 498 de
1947 455 2151 499 vocabulo
2177 454 2339 510 τέγους,
2369 456 2486 512 quod
2515 457 2660 507 sciam,

272 541 482 583 nusquam
512 527 566 570 de
593 534 683 569 tota
712 525 1033 582 gynaeconitide
1061 526 1187 578 dicto,
1217 524 1422 579 σταθμὸς
1449 525 1592 583 τέγεος
1618 542 1673 572 ne
1700 528 1742 570 in
1772 525 1906 582 λαΐνῳ
1934 520 2060 581 ου’δῷ
2087 527 2277 583 quidem,
2307 528 2378 584 qui
2405 524 2544 581 μυχόν
2569 529 2662 571 oeci

272 613 297 641 a
325 598 551 642 mulierum
583 597 708 642 domo
736 597 943 654 separavit
971 597 1032 654 (v.
1062 613 1191 656 supra
1219 597 1276 648 11,
1307 599 1346 648 7,
1373 597 1458 643 init.
1487 609 1530 643 et
1558 600 1648 658 ipsa
1677 597 1809 642 verba
1837 604 1989 654 poetae
2018 600 2095 648 23,
2124 599 2177 641 88
2205 597 2339 655 sqq.),
2382 614 2476 643 esse
2505 599 2658 655 potuit.

272 668 387 713 Vide
415 669 551 721 enim,
597 669 698 727 quid
727 669 769 712 in
801 669 958 725 hymno
987 670 1027 712 in
1055 669 1199 714 Cerer.
1229 670 1282 712 de
1311 669 1391 714 hac
1420 671 1626 715 sententia
1653 670 1817 715 factum
1844 678 1965 714 esset.
2024 668 2156 714 Ceres
2185 683 2261 726 per
2288 684 2438 714 oecum
2468 671 2659 714 virorum

271 739 479 785 accedens
501 741 642 784 locum
665 739 816 794 μυχοῦ,
845 739 915 782 ubi
935 755 1066 797 prope
1084 739 1227 784 focum
1256 750 1390 784 mater
1407 741 1582 786 familias
1603 742 1753 787 sedere
1771 741 1948 796 solebat,
1975 740 2250 799 praeterisset,
2278 751 2325 784 ut
2345 741 2388 785 in
2408 741 2535 786 limen
2555 742 2658 786 illud

269 826 309 855 v.
335 814 411 855 188
431 801 692 856 ascenderet.
725 811 779 855 V.
805 814 894 855 188.
919 814 994 855 189
1014 819 1156 855 autem
1177 812 1217 855 id
1237 812 1436 869 temporis
1455 821 1657 869 punctum
1679 812 1934 863 describunt,
1966 827 2049 870 quo
2069 812 2252 870 primum
2272 811 2401 857 Ceres
2420 811 2656 858 Metanirae

271 884 495 942 apparuit;
525 900 625 936 non,
655 884 754 942 quid
782 884 944 927 factum
973 884 1037 934 sit,
1065 892 1292 942 postquam
1323 883 1573 928 Metaniram
1603 884 1834 943 praeteriit.
1871 884 1945 927 Ad
1976 884 2058 926 hoc
2087 898 2139 926 ne
2167 883 2225 926 ita
2245 884 2413 942 quidem
2431 883 2658 942 μέλαθρον

270 971 390 999 suam
411 958 486 999 sibi
502 957 585 998 vim
608 963 810 999 servaret.
829 980 883 988 —
903 955 976 998 Sin
1005 965 1146 998 autem
1176 957 1316 998 verbis
1343 954 1471 1013 παροῖ
1499 951 1702 1008 σταθμόν
1725 956 1873 1012 τέγεος
1891 957 2076 1014 priorem
2095 956 2233 1008 μυχοῦ
2253 957 2413 998 aditum
2432 957 2655 1013 significari

270 1029 488 1077 statueris,
518 1042 594 1086 per
623 1043 749 1084 quem
780 1042 833 1069 cx
861 1028 1132 1084 amplioribus
1162 1027 1252 1070 oeci
1281 1029 1468 1083 partibus
1498 1029 1550 1070 ad
1575 1028 1714 1084 ipsum
1742 1021 1875 1080 μυχόν
1901 1026 2178 1081 accedebant,
2220 1027 2359 1068 omnia
2386 1038 2501 1070 recte
2521 1029 2656 1071 ‘habe-

268 1098 389 1142 bunt.
444 1100 542 1142 Hoc
572 1113 702 1140 unum
733 1100 940 1142 concedas
969 1107 1155 1156 oportet,
1191 1093 1324 1152 μυχὸν
1364 1100 1505 1150 illum,
1536 1114 1561 1141 a
1598 1100 1719 1156 cujus
1755 1109 1937 1156 utraque
1967 1107 2087 1155 parte
2115 1097 2311 1150 σταθμοί
2338 1099 2405 1141 vel
2435 1100 2656 1143 columnae

268 1172 457 1228 postium
486 1171 581 1213 loco
611 1170 817 1212 collocata
846 1178 987 1221 erant,
1027 1185 1110 1212 non
1143 1184 1329 1226 semper,
1367 1179 1416 1212 ut
1443 1171 1486 1212 in
1518 1169 1680 1213 Ulixeis
1711 1171 1880 1213 aedibus
1910 1179 2128 1228 apertum,
2168 1169 2243 1211 sed
2272 1169 2510 1221 interdum,
2539 1180 2585 1212 ut
2611 1172 2655 1213 in

269 1242 429 1299 hymno
459 1243 502 1283 in
532 1242 675 1284 Cerer.
715 1242 839 1283 etiam
873 1242 1005 1296 janua
1043 1249 1237 1282 ornatum
1275 1240 1416 1283 fuisse.
1471 1240 1569 1283 Jam
1612 1249 1730 1284 recte
1773 1242 2035 1284 discernetur
2079 1241 2293 1297 lapideum
2336 1241 2465 1283 limen
2509 1244 2655 1299 capitis

269 1314 449 1364 aedium,
480 1304 706 1370 μεγάροιο,
737 1315 823 1364 (17,
853 1315 926 1366 96)
956 1313 1008 1354 ab
1039 1314 1118 1354 hoc
1147 1311 1374 1367 (ligneoP)
1399 1311 1545 1368 τέγεος
1570 1312 1733 1363 limine,
1762 1315 1874 1369 quod
1904 1314 1957 1355 ad
1985 1305 2120 1366 μυχόν
2148 1312 2396 1354 accedentes
2426 1313 2656 1356 transibant

269 1384 423 1441 cuique
460 1382 688 1442 μέλαθρον
726 1385 894 1442 proprie
933 1384 1093 1426 dictum
1134 1383 1244 1427 idem
1285 1399 1363 1442 pro
1408 1399 1562 1442 supero
1602 1384 1746 1427 limine
1789 1393 1893 1427 erat.
1950 1384 2164 1441 Penelope
2193 1384 2324 1439 igitur
2354 1387 2418 1434 17,
2448 1387 2501 1426 96
2531 1384 2656 1442 παρὰ

268 1455 469 1510 σταθμὸν
494 1453 769 1512 μεγάροιο
807 1457 956 1499 sedens
985 1464 1028 1498 et
1054 1457 1143 1513 ipsa
1171 1456 1214 1498 in
1243 1458 1335 1498 oeci
1362 1457 1501 1510 μυχῷ,
1531 1455 1606 1499 sed
1637 1457 1811 1514 propius
1841 1448 1984 1498 λάινον
2009 1448 2144 1498 ου’δόν
2172 1455 2357 1505 sedebat,
2387 1456 2430 1498 id
2460 1458 2572 1513 quod
2601 1458 2654 1500 ab

270 1538 522 1588 argumento
552 1529 756 1573 sermonis
787 1527 879 1584 ejus
909 1528 1044 1584 magis
1073 1543 1227 1571 arcano
1258 1536 1371 1572 certe
1400 1530 1579 1572 alienum
1610 1544 1693 1571 non
1725 1537 1800 1571 est.
1857 1528 2019 1571 Ceteris
2057 1527 2101 1570 iu
2144 1526 2270 1579 locis,
2313 1542 2421 1584 quae
2458 1529 2655 1572 dicuntur

268 1600 396 1660 παρά
426 1599 626 1654 σταθμὸν
651 1599 796 1655 τέγεος
822 1608 933 1643 stare
962 1601 1028 1644 vel
1056 1601 1214 1650 sedere,
1243 1616 1327 1642 non
1356 1600 1400 1643 in
1428 1602 1573 1644 intimo
1599 1601 1730 1656 μυχῷ
1758 1600 2060 1651 versabantur,
2089 1600 2165 1643 sed
2193 1599 2365 1656 propius
2393 1599 2548 1650 focum,
2578 1600 2652 1643 ubi

265 1674 395 1731 vulgo
432 1681 569 1716 mater
608 1673 781 1714 familias
819 1671 1016 1726 sedebat,
1061 1671 1115 1714 cf.
1145 1675 1221 1723 23,
1247 1664 1318 1714 89.
1349 1674 1402 1714 90
1432 1666 1672 1728 »Ὀδυσῆος
1710 1672 1812 1728 (qui
1838 1666 1952 1726 πρὸς
1979 1669 2100 1713 κίονα
2126 1667 2293 1727 μακρήν
2321 1685 2366 1712 se
2395 1671 2648 1727 acclinabat)

263 1742 454 1801 ἐναντίη,
484 1743 529 1787 ἐν
555 1739 694 1798 πυρός
722 1736 851 1800 αὔγῇ,
884 1741 1046 1794 Τοίχου
1072 1743 1154 1785 τοῦ
1182 1740 1384 1798 ἑτέρουα,
1415 1744 1508 1786 coll.
1540 1747 1603 1793 19,
1633 1746 1686 1786 55
1716 1740 1842 1799 παρὰ
1869 1742 1980 1798 πυρὶ
2013 1767 2058 1773 -
2089 1738 2140 1784 ἔν
2153 1744 2198 1782 θ’
2224 1736 2302 1796 ἄρ’
2329 1740 2494 1798 ἐφῖζεν.
2551 1743 2649 1784 Jam

264 1823 378 1859 recte
408 1815 537 1858 Ceres
566 1815 800 1859 Metanirae
830 1815 1011 1869 primum
1039 1813 1256 1869 apparebit
1284 1814 1325 1856 in
1354 1813 1493 1856 limine
1519 1813 1663 1868 τέγεος
1691 1823 1805 1857 stans
1842 1814 2077 1869 eademque
2112 1812 2344 1869 μέλαθρον
2379 1813 2516 1868 capite
2554 1821 2651 1855 tan-

266 1902 386 1942 gens.
444 1886 542 1929 Jam
572 1886 752 1942 denique
781 1887 939 1941 optime
961 1886 1094 1941 janua
1123 1886 1228 1928 haec
1256 1901 1309 1928 ex
1339 1900 1442 1928 oeco
1471 1885 1522 1928 ad
1557 1883 1697 1938 μυχόν
1732 1885 1893 1928 ducens
1922 1884 2061 1927 verbis
2097 1899 2169 1926 nn.
2201 1881 2403 1935 σταθμόν
2429 1882 2573 1938 τέγεος
2602 1899 2648 1928 π.

264 1973 340 2001 nu«
384 1957 711 2012 significabitur,
760 1974 890 2013 quum
935 1973 985 1999 eo
1028 1957 1120 2013 ipso
1157 1957 1201 1999 in
1241 1957 1334 1999 loco
1364 1958 1530 2012 incipiat
1557 1955 1606 1999 τὸ
1632 1956 1752 2011 τέγος
1778 1957 1805 1999 i.
1835 1972 1869 1999 e.
1901 1955 2138 1998 aedificium
2169 1955 2277 1998 illud
2305 1956 2464 1998 craticii
2493 1955 2648 2012 operis,

265 2029 389 2086 cujus
417 2029 587 2073 inferior
614 2045 713 2088 pars
743 2029 857 2088 apud
887 2028 1120 2072 Homerum
1150 2022 1286 2082 μυχός
1313 2038 1565 2086 usurpatur,
1609 2027 1811 2086 superiorv
1839 2025 2065 2082 μέλαθρον
2106 2036 2150 2070 et
2187 2026 2228 2069 in
2269 2025 2434 2070 Ulixeis
2476 2027 2649 2070 aedibus

261 2098 491 2154 μεσόδμας
530 2101 744 2158 utrimque
773 2101 919 2143 affixas
948 2101 1257 2158 complectitur.
1316 2101 1488 2158 (Galeni
1515 2109 1655 2143 autem
1684 2100 1810 2142 aedes
1837 2100 1944 2141 infra
1973 2097 2160 2155 ἐξέδραν
2188 2107 2230 2141 et
2259 2107 2486 2154 utrumque
2515 2099 2650 2140 thala-

264 2189 407 2222 mum,
455 2188 583 2230 supra
628 2171 855 2230 μέλαθρον
900 2181 943 2214 et
990 2167 1208 2229 ὑπερῴων
1249 2173 1376 2214 cellas
1422 2182 1647 2230 perpetuas
1683 2171 1949 2227 continent.)
2007 2170 2255 2213 Confirmari
2294 2179 2400 2226 puto
2441 2170 2551 2211 hanc
2598 2169 2651 2212 de

265 2245 458 2301 σταθμῷ
500 2243 647 2300 τέγεος
692 2244 940 2286 sententiam
989 2243 1335 2300 interpretatione
1384 2244 1606 2285 verborum
1648 2244 1690 2285 in
1728 2242 1888 2285 scholio
1919 2241 2111 2297 Vulgato
2141 2242 2193 2284 ad
2223 2243 2273 2296 θ,
2301 2245 2384 2285 458
2413 2250 2454 2284 et
2483 2258 2525 2292 α,
2556 2245 2651 2291 333,

263 2317 307 2360 in
347 2333 432 2374 quo
472 2332 572 2360 vera
605 2318 721 2360 vocis
756 2315 898 2372 τέγεος
935 2316 997 2358 vis
1037 2317 1168 2359 latere
1207 2317 1384 2360 videtur.
1448 2317 1731 2358 Buttmannus
1769 2315 1941 2371 quidem
1986 2322 2029 2356 et
2058 2313 2305 2356 Dindorfius
2345 2323 2527 2370 utroque
2557 2315 2649 2356 loco

264 2389 395 2431 verba
435 2389 599 2440 scholii,
647 2403 755 2444 quae
793 2390 877 2430 huc
919 2388 1067 2430 referri
1106 2388 1286 2438 debent,
1325 2389 1536 2430 omittunt.
1599 2387 1684 2430 Sed
1723 2387 1766 2429 in
1804 2388 1869 2429 ed.
1900 2386 2034 2428 Paris.
2067 2389 2175 2428 1530
2210 2396 2253 2427 et
2291 2386 2477 2439 Hervag.
2521 2384 2648 2426 Basil.

267 2463 373 2504 1535
404 2462 455 2502 ad
486 2463 666 2517 priorem
697 2461 837 2503 locum
868 2461 970 2502 haec
1000 2459 1164 2514 adjecta
1196 2469 1295 2501 sunt
1323 2475 1333 2501 ε
1365 2451 1661 2515 »σταθμόν
1709 2453 1997 2515 παραστάδα.
2028 2456 2224 2513 τέγεος.
2272 2450 2368 2512 ἤτοι
2395 2456 2477 2498 τοῦ
2502 2446 2645 2507 μελά-

263 2532 421 2588 θρου“.
468 2532 634 2584 Quodsi
662 2532 755 2588 quis
784 2531 1012 2574 contendat
1038 2523 1272 2587 μελάθρου
1299 2531 1368 2573 hic
1397 2531 1507 2573 idem
1537 2529 1642 2580 esse,
1672 2531 1788 2585 quod
1819 2528 1957 2579 οἴκου,
1987 2538 2034 2571 ut
2063 2544 2190 2586 saepe
2217 2529 2328 2585 apud
2360 2536 2517 2584 poetas,
2547 2542 2647 2569 con·

263 2603 421 2646 firmari
449 2604 490 2645 id
518 2603 687 2646 videtur
716 2604 906 2646 Barnesii
935 2603 1202 2653 auctoritate,
1247 2602 1319 2657 qui
1355 2611 1450 2658 post
1485 2597 1725 2658 μελοίθρου
1752 2601 2017 2657 interpunxit
2045 2609 2088 2643 et
2119 2615 2268 2642 vocem
2295 2598 2440 2649 οἴκου,
2490 2599 2647 2653 nescio,

262 2675 374 2717 unde
405 2682 609 2726 sumtum,
638 2675 810 2718 addidit.
867 2677 931 2717 At
958 2674 1166 2717 refutatur
1195 2674 1264 2715 illa
1292 2673 1432 2730 opinio
1460 2674 1595 2716 altero
1624 2673 1718 2715 loco
1749 2674 1829 2724 (α,
1859 2673 1991 2725 333),
2030 2672 2103 2714 ubi
2131 2679 2174 2714 et
2203 2670 2405 2713 editiones
2432 2671 2646 2726 antiquae,

261 2761 369 2802 quas
397 2747 501 2796 dixi,
550 2755 594 2790 et
622 2748 850 2789 Barnesius
880 2747 1143 2788 consentiunt
1172 2747 1212 2787 in
1243 2747 1322 2786 hac
1348 2746 1528 2786 lectione
1557 2761 1568 2787 t
1598 2739 1857 2796 σταθμόν.
1918 2734 2198 2800 παραστάδα.
2240 2740 2439 2796 τέγεος.
2503 2756 2647 2783 κατα-

260 2816 380 2873 γείου
421 2816 572 2869 οἴκου,
623 2818 960 2875 interpunctione
987 2818 1095 2860 inter
1124 2817 1338 2874 proximas
1369 2817 1475 2858 duas
1504 2831 1628 2859 voces
1658 2832 1743 2858 non
1772 2816 1944 2859 inserta.
2002 2815 2097 2858 Jam
2139 2828 2260 2863 vero,
2306 2829 2439 2869 quum
2483 2824 2646 2856 certam

261 2890 426 2933 aedium
461 2897 624 2946 partem
656 2899 730 2930 aut
758 2898 921 2932 certum
954 2889 1129 2931 aedificii
1159 2903 1294 2943 genus
1322 2888 1490 2929 nomine
1521 2886 1752 2942 καταγείου
1780 2886 1905 2930 οἴκου
1944 2885 2114 2928 indicari
2151 2893 2374 2940 appareat,
2413 2885 2646 2940 quaeritur,

260 2970 403 3003 utrum
435 2959 658 3003 scholiasta
687 2960 766 3003 hac
796 2977 900 3004 voce
929 2961 1064 3017 ipsum
1093 2959 1183 3002 oeci
1210 2944 1347 3011 μυχόν
1376 2958 1657 3014 (μέλαθρον,
1687 2959 1811 3014 quale
1840 2973 1968 3013 supra
1996 2956 2052 3005 ΙΙ,
2083 2971 2122 3010 p.
2152 2959 2206 2997 43
2237 2955 2316 2997 sub
2345 2963 2454 2997 extr.
2483 2964 2525 2998 et
2553 2970 2645 3011 sqq.

261 3031 588 3090 descripsimus)
619 3031 841 3086 significari
869 3032 1071 3080 voluerit,
1112 3047 1164 3073 an
1192 3024 1420 3087 superioris
1450 3031 1772 3085 contignationis
1802 3028 2062 3076 aedificium,
2103 3026 2218 3081 quod
2246 3026 2445 3068 tabulatis
2473 3026 2553 3068 fuit
2582 3029 2645 3069 in-

260 3104 394 3160 signe.
452 3103 563 3146 Illud
603 3103 636 3145 si
670 3103 892 3153 sumseris,
935 3102 1159 3145 scholiasta
1197 3119 1286 3146 rem
1323 3103 1493 3158 quidem
1533 3102 1639 3145 bene
1678 3100 1919 3156 explicabit,
1963 3114 2059 3140 nam
2099 3091 2298 3150 σταθμὸν
2324 3096 2470 3152 τέγεος
2497 3113 2645 3142 revera

259 3175 566 3234 praeteribant,
597 3175 668 3233 qui
696 3169 832 3228 μυχόν
857 3173 1090 3224 intrabant,
1120 3190 1156 3217 v,
1187 3189 1338 3232 supra,
1371 3189 1516 3218 vocem
1546 3173 1815 3216 Homericam
1845 3179 1986 3212 autem
2018 3168 2207 3225 »τέγοςα
2226 3201 2238 3219 ,
2277 3170 2318 3211 id
2349 3170 2462 3227 quod
2494 3170 2643 3220 voluit,

259 3249 562 3303 interpretatus
591 3264 673 3290 non
704 3256 778 3290 est.
823 3247 958 3289 Nemo
988 3246 1097 3288 enim
1126 3246 1304 3303 putabit,
1333 3246 1567 3289 Homerum
1599 3259 1703 3286 voce
1730 3241 1890 3297 τέγους,
1921 3243 1961 3283 in
1992 3257 2076 3298 quo
2106 3243 2276 3296 tegendi
2305 3243 2367 3284 vis
2396 3257 2478 3284 non
2509 3242 2644 3299 possit

259 3335 343 3362 non
373 3318 523 3371 inesse,
552 3320 793 3364 inferiorem
823 3319 974 3362 domus
1002 3326 1166 3376 partem
1195 3318 1404 3375 superiori
1430 3319 1664 3376 oppositam
1693 3315 1937 3372 appellasse.
1979 3313 2223 3356 Posteriore
2252 3315 2423 3357 demum
2451 3322 2647 3374 tempore
