2955 3681
1389 128 1452 177 ⁷3

223 276 272 333 3)
307 276 349 320 in
388 277 453 321 via
481 277 706 321 Melanthii
758 275 811 319 ad
862 290 1075 319 armorum
1113 275 1344 318 thalamum
1382 282 1551 332 praeter
1583 275 1709 327 illud,
1759 276 1874 332 quod
1917 290 2046 332 supra
2085 275 2141 320 de
2177 276 2361 320 thalamo
2399 291 2614 321 armornm

227 349 270 391 in
299 349 519 406 superiore
549 347 866 404 contignatione
894 362 977 390 non
1007 347 1251 390 collocando
1280 347 1389 398 dixi,
1423 346 1612 403 inprimis
1631 350 1633 352 ’
1650 354 1861 403 repugnat
1890 346 2098 392 Vossiana
2126 340 2388 406 ὀρσοθὸρας
2415 347 2614 398 definitio,

227 420 269 464 in
298 421 423 478 cujus
450 420 547 464 loco
576 426 620 465 et
647 419 811 463 ratione
839 418 1099 478 explicandis
1129 419 1265 462 multo
1295 417 1462 461 aberrat
1487 417 1540 460 ab
1568 417 1642 470 iis,
1687 432 1798 475 quae
1836 418 1988 462 tradita
2025 426 2140 471 sunt,
2176 435 2213 462 v.
2243 435 2375 478 supra
2405 427 2534 477 caput
2563 418 2617 464 de

228 501 417 538 craterae
434 492 529 536 loco
548 492 607 544 11,
637 496 689 536 22
710 507 800 550 sqq.
830 500 873 535 et
902 499 1031 549 caput
1060 492 1112 535 de
1141 482 1383 548 ὀρσοθὺρᾳ,
1412 491 1599 548 inprimis
1629 505 1670 547 p.
1691 492 1747 533 60
1763 497 1861 548 post
1880 490 1989 535 med.
2009 499 2052 535 et
2073 508 2163 550 sqq.
2209 491 2417 550 Idemque
2436 492 2483 549 4)
2505 492 2617 536 cadit

226 566 268 609 in
298 566 409 608 viam
440 565 566 607 unius
595 579 619 609 e
649 565 789 622 procis
818 571 860 607 et
888 563 1067 615 Phemii,
1099 579 1281 621 quorum
1313 562 1481 619 utrique
1507 555 1737 620 ὀρσοθύρα
1765 563 2023 606 transeunda
2051 562 2143 606 suit.

209 683 213 686 Δ
364 636 474 681 Sunt
502 637 674 694 quidem
703 652 788 679 non
816 636 970 686 omnia,
1000 651 1108 693 quae
1138 635 1334 691 deinceps
1362 635 1649 685 tractabimus,
1680 635 1733 677 ad
1763 634 1895 678 solam
1924 635 2148 679 mulierum
2179 636 2349 679 domum
2379 637 2615 690 referenda,
2638 639 2694 673 D·
2725 638 2906 672 mulierum

230 709 305 753 sed
334 722 465 767 quum
494 708 535 752 in
565 708 683 752 nullo
712 707 838 764 hujus
867 707 1014 767 capitis
1044 707 1138 752 loco
1178 706 1329 750 domus
1368 706 1589 751 mulierum
1631 706 1757 766 plane
1794 706 1952 766 negligi
1989 706 2142 767 possit,
2184 707 2253 752 hic
2296 710 2433 753 statim
2476 724 2615 769 pauca
2714 685 2829 718 ⁶⁰⁰⁰

229 781 282 822 de
318 780 528 822 universis
567 780 792 822 mulierum
833 781 1007 821 aedibus
1047 788 1090 821 et
1125 771 1353 837 ὑπερῳόις
1390 792 1533 820 earum
1562 793 1839 836 praeponam.
1869 802 1923 809 —
1950 802 2007 809 —
2035 779 2183 838 Vulgo
2212 780 2361 822 dicunt
2387 781 2615 826 Homerica

230 860 369 896 aetate
398 853 596 895 mulieres
626 867 842 909 nunquam
872 867 954 894 non
984 853 1026 894 in
1056 852 1274 909 superiore
1304 850 1617 906 contignatione
1646 850 1857 892 habitasse
1887 866 1925 893 v.
1946 851 2078 893 Beck.
2099 851 2276 894 Charicl.
2297 851 2333 903 1,
2353 868 2394 910 p.
2411 855 2486 894 169
2507 861 2612 896 extr.

228 924 376 980 (Dass
406 923 487 966 das
511 923 763 981 ρήεεῘηέοῘιε
791 923 917 965 Hans
945 927 984 965 in
1014 922 1091 964 der
1119 922 1234 963 klass
1237 922 1375 963 ischen
1404 921 1490 963 Zeit
1516 924 1589 963 des
1616 922 1871 963 Alter-thum
1900 924 1969 963 ein
2006 923 2182 964 anderes
2211 926 2458 982 qeworden)
2501 925 2615 965 »das

229 997 378 1052 eryiebt
404 997 494 1037 siclt
523 995 644 1037 sehon
672 995 937 1036 hz'nrez'chend
964 995 1137 1047 damus,
1166 997 1264 1048 dass
1292 996 1353 1034 bei
1380 996 1536 1034 Homer
1563 997 1626 1034 die
1656 995 1870 1050 Wolmunq
1899 995 1973 1035 der
2000 995 2172 1035 Frauen
2200 997 2411 1035 dur-chaus
2438 997 2531 1036 sich
2557 998 2613 1037 s'm

228 1068 349 1109 obern
380 1065 657 1115 Stockwerke,
693 1061 915 1120 ὖπερῴὀν,
946 1065 1145 1120 befindet,
1175 1064 1373 1106 wa’hrend
1399 1073 1538 1121 spa‘ter
1566 1065 1677 1118 dz’efis
1704 1080 1788 1106 nur
1815 1067 2159 1107 auenahmsweise
2185 1067 2291 1107 Seatt
2312 1067 2475 1122 findet,
2521 1069 2614 1108 oder

230 1138 330 1181 doch
363 1154 471 1195 qauz
509 1137 702 1179 bestz’mmt
739 1138 853 1179 m’clat
887 1136 989 1191 (wie
1016 1152 1113 1177 man
1141 1136 1251 1193 iri-2⁸9
1283 1136 1436 1190 mez’nt)
1464 1137 1595 1194 Περεῖ
1628 1137 1731 1178 ist«.
1788 1136 1911 1189 Quae
1939 1139 2151 1180 sententia
2180 1138 2258 1180 viri
2287 1139 2517 1180 doctissimi
2545 1141 2613 1181 vix

228 1208 379 1252 melius
425 1208 582 1250 firmari
629 1221 754 1265 posse
803 1207 992 1257 videtur,
1040 1221 1164 1264 quam
1204 1205 1266 1248 his
1303 1206 1560 1249 scholiorum
1597 1206 1923 1250 Homericorum
1963 1209 2108 1252 verbis.
2168 1208 2265 1253 Sch.
2294 1211 2337 1252 A
2367 1209 2419 1252 ad
2449 1213 2505 1261 Z,
2533 1212 2612 1252 248

227 1278 366 1338 τέγεοι
394 1277 454 1332 ὠς
479 1278 621 1324 τέλεοι
642 1294 653 1305 ·
700 1277 910 1336 ἡδιπλῆ,
959 1271 1028 1322 ὅτι
1065 1274 1264 1335 ὑπερῷοι
1303 1269 1429 1336 ἦσαν,
1474 1277 1544 1323 διὸ
1581 1277 1746 1334 virent,
1783 1276 1855 1323 ἵνα
1881 1273 1942 1337 μή
1968 1272 2265 1325 διοδεύωνται.
2306 1277 2535 1334 ἐπιμελῶς
2563 1280 2614 1325 δὲ

212 1345 404 1412 ’Όμηρος
429 1351 501 1395 καὶ
533 1346 612 1394 dea?
635 1351 711 1408 τῆς
736 1342 923 1402 Ἰλιάδος
949 1350 1023 1394 καὶ
1053 1345 1129 1394 διά
1153 1351 1227 1408 τῆς
1253 1343 1504 1401 Ὀδυσσείας
1530 1345 1633 1402 τοῦς
1658 1350 1926 1407 γυναικείους
1954 1345 2188 1406 θαλάμοις
2220 1346 2454 1409 ὑπερῳόυς
2490 1353 2615 1397 συνί-

227 1437 388 1481 στησιν.
449 1423 500 1465 cf.
533 1424 580 1465 Β.
610 1422 659 1466 L.
689 1422 742 1466 ad
771 1423 954 1466 eundem
986 1436 1153 1466 versum
1183 1430 1226 1465 et
1255 1421 1386 1464 schol.
1416 1422 1468 1464 ad
1499 1425 1549 1472 B,
1580 1424 1686 1472 5143
1717 1422 1771 1465 ad
1798 1425 1856 1474 Π,
1889 1426 1966 1467 184
1997 1424 2083 1467 sch.
2113 1426 2156 1468 A
2186 1440 2197 1467 z
2226 1420 2252 1480 ἡ
2280 1423 2441 1481 διπλῆ,
2476 1418 2542 1468 ὅτι
2570 1422 2616 1470 οἱ

226 1496 313 1539 τῶν
340 1495 535 1552 θηλειῶν
560 1490 762 1547 θάλαμοι
791 1491 1007 1552 ὑπερῷοι,
1044 1491 1115 1536 ἵνα
1141 1488 1201 1549 μή
1227 1486 1460 1536 ειῗδίοπτοι
1490 1486 1598 1536 ὦσιν
1625 1495 1719 1537 coll.
1748 1495 1879 1538 schol.
1915 1495 2025 1537 Vict.
2056 1504 2096 1538 et
2125 1496 2320 1539 Eustath.
2349 1496 2403 1538 ad
2433 1497 2613 1540 eundem

228 1582 410 1611 versum.
470 1567 667 1620 Quorum
698 1574 918 1609 auctorum
948 1566 1145 1623 gravitati
1175 1573 1339 1608 tantum
1369 1566 1523 1617 tribuo,
1553 1572 1616 1617 ut,
1647 1580 1768 1622 quae·
1786 1567 1837 1609 de
1867 1567 1985 1611 aedd.
2014 1567 2049 1618 I,
2079 1570 2144 1619 23,
2175 1583 2273 1610 ann.
2302 1569 2355 1609 29
2383 1567 2434 1611 ad
2465 1583 2611 1612 vocem

226 1638 368 1694 τέγεοι
397 1638 622 1695 adscripsi,
662 1652 777 1679 nunc
803 1638 942 1679 malim
974 1637 1026 1678 ad
1056 1638 1218 1678 illorum
1248 1637 1497 1679 sententiam
1527 1637 1860 1679 accommodata.
1918 1637 2081 1680 Tamen
2112 1638 2236 1680 valde
2267 1638 2501 1681 cavendum
2532 1648 2610 1690 est,

227 1725 281 1753 ne
322 1710 461 1752 verbis
503 1710 583 1751 illis
622 1710 848 1752 abutamur
891 1710 942 1750 ad
984 1710 1162 1750 Beckeri
1202 1710 1329 1750 verba
1363 1708 1481 1763 justo
1510 1710 1644 1761 magis
1674 1709 1890 1766 probanda
1920 1718 2047 1765 atque
2076 1710 2379 1766 amplificanda.
2436 1710 2544 1751 Nam
2576 1711 2611 1752 si

227 1783 446 1825 Beckerus
466 1783 493 1823 l.
513 1783 600 1837 l.·p.
627 1784 716 1830 179,
745 1789 794 1822 ut
821 1781 1100 1837 posteriorum
1129 1789 1366 1835 temporum
1397 1796 1536 1821 mores
1564 1781 1804 1822 Homericis
1834 1791 2033 1837 opponat,
2066 1783 2203 1838 pergit
2232 1798 2242 1823 τ
2274 1783 2335 1823 Ja
2362 1799 2402 1823 es
2429 1786 2612 1824 sclaeinen
2648 1791 2701 1821 De
2729 1791 2885 1821 cubiculo

227 1854 335 1895 auch
364 1853 429 1895 die
455 1853 693 1909 traqischen
722 1852 895 1894 Dichter
930 1869 1031 1893 von
1073 1854 1168 1892 der
1211 1851 1367 1893 Siue
1407 1851 1508 1892 des
1547 1852 1905 1893 heroisclzen
1942 1853 2276 1894 Zeitalters
2317 1847 2614 1896 αόεεΙιίπᾶ
2689 1837 2844 1877 nuptidi'

228 1925 427 1968 zuwez'len
454 1926 530 1967 das
569 1924 802 1967 Wolmhaus
830 1924 941 1965 ihrer
968 1924 1057 1965 Zeit
1085 1940 1155 1964 vor
1184 1923 1327 1980 Auyen
1353 1924 1499 1980 qehabt
1526 1940 1574 1964 zu
1601 1923 1749 1974 haben,
1786 1925 1863 1965 wie
1894 1922 2075 1980 Sophocl.
2108 1924 2213 1966 Oed.
2243 1933 2321 1980 tyr.
2351 1942 2386 1966 v.
2421 1927 2533 1967 1241
2551 1929 2610 1983 ff

228 1999 356 2041 Denn
384 2013 495 2040 wenn
522 2012 623 2039 man
654 1996 724 2039 die
749 2001 881 2054 yanze
908 1995 1151 2051 Erzc'ikluny
1179 1995 1239 2037 bis
1266 2011 1302 2037 v.
1336 1995 1453 2036 1262
1481 1995 1594 2045 lieet,
1640 1995 1824 2037 so-wird
1849 2011 1942 2037 man
1968 1996 2035 2037 die
2073 1994 2199 2052 λέχη
2237 2010 2292 2036 νυ
2301 1994 2501 2053 μφικοὶ,
2551 1999 2612 2040 die

229 2069 335 2112 doch
363 2069 469 2111 wohl
492 2068 609 2110 nicht
634 2071 673 2110 in
702 2069 776 2109 der
800 2067 1051 2109 Andronz‘tz's
1078 2083 1130 2109 zu
1158 2069 1302 2109 suchen
1332 2069 1436 2118 sind,
1480 2084 1561 2109 nur
1599 2068 1667 2109 im
1704 2066 1781 2108 Er
1795 2069 1860 2124 dq
1877 2070 2041 2110 escho
2043 2070 2078 2124 J
2090 2083 2146 2109 se
2183 2068 2407 2111 annehmen
2440 2072 2610 2126 konnen,

227 2141 316 2185 und
355 2142 445 2183 dort
483 2141 570 2183 also
611 2142 715 2182 auch
757 2139 827 2181 dz'e
870 2139 1095 2182 Gema'cher
1137 2139 1210 2182 der
1246 2138 1452 2182 Iokaste.«
1490 2164 1529 2170 —
1565 2139 1763 2181 describit
1796 2153 1935 2181 mores
1973 2140 2025 2182 ab
2064 2139 2242 2183 Homeri
2276 2149 2413 2184 aetate
2442 2142 2611 2185 minime

229 2214 401 2255 alienos.
457 2212 525 2261 Id,
555 2212 668 2268 quod
699 2211 932 2261 contendo,
964 2226 1220 2267 quamquam
1250 2213 1311 2252 vir
1340 2212 1549 2268 optimus,
1576 2212 1625 2253 C.
1656 2212 1705 2253 F.
1736 2213 2034 2260 Hermannus,
2071 2212 2250 2255 Beckeri
2278 2213 2528 2255 sententiam
2559 2214 2613 2258 de

228 2284 423 2326 cubiculo
451 2283 627 2341 nuptiali
655 2283 837 2324 heroicis
868 2282 1127 2340 temporibus
1157 2284 1197 2323 in
1229 2275 1452 2341 zinepqimg
1480 2292 1701 2324 exstructo
1730 2285 1793 2324 his
1823 2284 1963 2324 verbis
1994 2284 2214 2326 confirmat
2241 2300 2252 2326 τ
2280 2285 2611 2340 (Privataltenh.

227 2364 261 2406 s
292 2358 382 2412 19).
428 2373 448 2394 n
462 2357 545 2396 Die
580 2356 746 2396 Pala‘ste
780 2355 855 2394 der
892 2355 1159 2394 homerischen
1194 2354 1355 2395 Helden
1383 2378 1439 2384 —
1467 2378 1522 2384 —
1549 2356 1748 2396 enthalten
1775 2370 1853 2397 von
1890 2356 2226 2413 Wohnqebiz‘uden
2252 2360 2379 2414 weniq
2406 2359 2520 2400 mehr
2547 2357 2611 2399 als

228 2430 290 2469 die
324 2428 454 2469 durch
489 2429 604 2468 einen
646 2426 863 2467 bedeckten
901 2428 1026 2481 Gany
1061 2426 1343 2466 verbundenen
1379 2425 1748 2482 Schlafqema'clzer
1775 2429 1848 2467 der
1876 2428 2084 2469 einzelnen
2116 2429 2432 2486 Hauaqenqssen
2460 2430 2547 2471 und
2570 2432 2609 2470 in

230 2500 351 2542 deren
379 2500 501 2541 Mitte
529 2499 596 2541 die
631 2501 774 2556 qrosse
802 2497 1070 2554 Spei-seham,
1106 2497 1246 2538 'iiber
1293 2499 1538 2539 welclaer
1574 2499 1705 2539 sich
1745 2498 1894 2540 dann
1932 2501 2044 2541 das
2081 2500 2474 2543 Frauenhaus
2512 2502 2612 2542 mit

228 2573 347 2614 dem
397 2571 702 2614 ehelichen
745 2569 1211 2626 Schlafzimmer
1259 2569 1457 2611 erhebt
1485 2568 1552 2624 6);
1589 2571 1677 2611 und
1711 2585 1824 2612 wenn
1861 2571 1966 2613 auch
2008 2571 2080 2613 die
2115 2577 2300 2627 spiiteren
2345 2572 2606 2629 Wohnunyen

228 2644 307 2685 das
344 2642 684 2700 Frauenqemach
719 2657 797 2684 nur
828 2642 1162 2684 ausnalzmsweise
1196 2641 1240 2682 in
1278 2642 1352 2682 den
1391 2640 1607 2682 Oberstock
1642 2641 1847 2697 verleyten
1864 2641 1936 2696 ⁷),
1979 2659 2021 2683 so
2051 2642 2149 2684 blieb
2177 2643 2280 2684 doch
2307 2643 2367 2684 im
2403 2641 2606 2698 Uebrz’qen

229 2713 303 2757 der
331 2713 450 2771 obiqe
482 2713 523 2756 T
511 2729 623 2770 ypus
650 2714 824 2756 zz'emlich
852 2712 1166 2756 unverdnderta.
1223 2711 1272 2754 In
1302 2709 1638 2754 annotationibus
1667 2712 1719 2753 ad
1749 2712 1793 2765 ⁶)
1824 2713 2035 2755 Eustathii
2064 2713 2189 2756 verba
2221 2714 2272 2755 ad
2294 2729 2335 2762 α,
2356 2717 2435 2755 328
2457 2712 2606 2755 affert:

223 2781 441 2840 Ὑπερῴον
466 2779 516 2826 τὸ
542 2779 849 2840 υπερκείμενον
875 2783 1074 2839 οἴκημα.
1103 2777 1254 2888 ..9616
1281 2782 1354 2826 καὶ
1381 2780 1592 2834 κλίμακος
1619 2782 1766 2826 δεῖται
1794 2779 1964 2842 ὑψηλῆς
2001 2783 2194 2828 ἐνταῦθα
2230 2779 2256 2837 ἦ
2289 2784 2365 2826 τοῦ
2402 2798 2609 2840 υπερῳου

229 2850 385 2906 ἄνοδος
411 2854 484 2898 καὶ
510 2847 706 2905 κάθοδος
734 2863 778 2899 et
806 2864 1025 2912 comparat
1054 2856 1136 2898 Od.
1193 2857 1338 2905 ‚3573
1368 2860 1409 2905 4,
1439 2855 1530 2898 760.
1580 2855 1653 2896 Ad
1686 2855 1729 2909 ⁷)
1762 2856 1820 2897 sic
1848 2857 2047 2909 scripsit:
2067 2856 2149 2897 Am
2174 2854 2431 2898 deutlichsten
2451 2855 2608 2911 Lysias

230 2927 282 2972 de
310 2927 428 2972 caed.
456 2926 573 2970 Erat.
602 2934 636 2978 S
665 2928 694 2969 9
725 2924 932 2970 „oinldao'v
959 2924 1054 2970 εστί
1079 2943 1156 2981 μοι
1166 2860 1394 2978 2617120521,
1424 2925 1501 2969 ἲσα
1530 2922 1631 2980 ἔχον
1658 2944 1713 2970 τα
1742 2922 1832 2970 α’νω
1861 2931 1954 2977 τοῖς
1983 2922 2120 2978 κάτω,
2149 2925 2282 2969 ›za-tc?
2312 2921 2397 2985 τήν
2423 2944 2609 2984 γυναι-

230 3004 448 3044 κωνῖτιν
488 3000 576 3042 καὶ
620 3016 757 3042 κατα
799 3016 890 3056 την
936 2994 1287 3054 ανδρωνῒτιν,
1333 3017 1417 3042 was
1442 2999 1599 3055 jedoch
1637 3001 1902 3043 ebendeshalb
1930 3001 2039 3041 molat
2065 2999 2306 3056 allqemeine
2334 3002 2606 3059 Einriclztunq

224 3088 411 3128 yewesen
437 3088 537 3128 seyn
566 3071 679 3114 kann
693 3088 710 3122 ;
737 3073 812 3127 vyl.
841 3071 1008 3115 Becker
1038 3071 1220 3115 Charikl.
1249 3071 1287 3125 I,
1319 3070 1362 3115 S.
1382 3072 1506 3114 177«.
1564 3070 1648 3114 Sed
1677 3073 1718 3114 in
1749 3072 1828 3114 hac
1858 3070 2067 3113 sententia
2096 3071 2275 3114 Beckeri
2304 3081 2347 3114 et
2376 3072 2605 3114 Hermanni

232 3144 285 3199 l)
320 3143 420 3188 mihi
449 3142 662 3202 displicet,
703 3142 816 3199 quod
846 3142 997 3199 Lysiae
1027 3142 1175 3188 domus
1207 3151 1374 3200 praeter
1401 3142 1746 3187 consuetudinem
1776 3141 2016 3199 posterioris
2044 3141 2195 3186 aetatis
2223 3143 2533 3199 gynaeconitim
2563 3144 2605 3186 in

229 3206 422 3273 ὑπερῴῳ
442 3215 636 3259 habuisse
666 3213 831 3269 dicitur,
863 3230 990 3271 quam
1017 3215 1148 3272 vulgo
1177 3216 1413 3259 interiorem
1442 3222 1605 3270 partem
1635 3214 1824 3265 aedium,
1854 3214 1978 3270 plano
2007 3214 2116 3271 pede
2146 3214 2449 3269 acoedendam,
2477 3214 2607 3259 fuisse

230 3293 412 3338 constat,
445 3286 615 3331 Vitruv.
635 3286 712 3339 V1,
740 3287 887 3341 700),
916 3285 1059 3341 §1—3
1088 3294 1133 3330 et
1160 3287 1316 3345 Nepot.
1345 3284 1471 3344 praef.
1502 3285 1568 3340 §7
1600 3285 1666 3328 ”in
1695 3284 1892 3328 interiore
1921 3295 2039 3342 parte
2068 3286 2250 3337 aedium,
2280 3301 2390 3343 quae
2417 3301 2606 3342 gynae-

232 3359 428 3402 conitis
475 3359 750 3416 appellatura.
806 3359 956 3416 Neque
995 3358 1132 3410 enim,
1179 3360 1212 3402 si
1250 3359 1349 3416 quid
1390 3358 1533 3408 video,
1582 3357 1735 3413 Lysiae
1763 3358 1890 3399 verba
1919 3357 2159 3414 exceptioni
2187 3358 2326 3400 locum
2356 3359 2483 3413 dant,
2532 3360 2608 3402 sed
