2955 3681
1452 114 1516 162 65

291 262 374 316 ῙΠ,
400 264 534 321 429),
575 268 655 315 et,
699 263 763 315 id,
805 263 921 320 quod
958 263 1068 305 hanc
1096 262 1137 305 in
1167 277 1275 314 rem,
1312 262 1365 305 de
1393 276 1480 318 qua
1508 262 1791 319 disputamus,
1829 260 2059 319 plurimum
2089 261 2222 313 valet,
2253 261 2446 305 Galenus
2475 262 2565 319 ipso
2595 262 2678 306 hoc

293 328 507 396 ὑπερῴων
545 351 723 392 genere,
768 334 838 378 cui
865 334 1101 388 μεσοδμῶν
1128 350 1283 377 nomen
1313 333 1614 392 imposuimus,
1663 336 1714 377 ad
1750 333 1894 391 copias
1930 332 2182 377 calefiendus
2208 334 2276 377 vel
2307 333 2572 392 fumigandas
2598 350 2677 378 sua

292 417 430 454 aetate
458 423 558 451 usos
586 421 679 451 esse
709 415 903 449 testatur.
961 405 1095 462 Cujus
1124 406 1255 450 verba
1283 421 1333 450 eo
1362 405 1559 449 libentius
1587 406 1750 463 integra
1778 404 1863 447 huc
1890 405 2164 458 transscribo,
2194 422 2279 464 quo
2309 407 2464 450 certior
2492 416 2555 449 est
2582 407 2677 450 oeci

291 481 401 524 illius
429 479 621 536 agrestis,
651 492 777 534 quem
809 476 1006 520 describit
1036 477 1238 529 Galenus,
1267 492 1363 520 cum
1394 477 1691 534 antiquissimis
1720 476 1981 519 Graecorum
2012 477 2121 520 oecis
2148 477 2390 521 similitudo.
2423 478 2544 520 Idem
2565 478 2675 521 enim

292 559 441 593 auctor
470 549 522 592 ad
551 550 685 607 ipsam
711 541 932 605 μεσόδμην
959 548 1248 605 explicandam
1279 547 1338 604 (v.
1369 563 1495 605 supra
1516 564 1612 606 pag.
1625 551 1692 599 39,
1714 563 1753 589 v.
1775 551 1792 590 l
1811 547 1923 605 sqq.)
1951 547 2038 589 τῶν
2065 547 2412 601 πανδοχείων
2438 548 2571 592 οἴκων
2600 549 2675 592 καὶ

289 622 395 665 τῶν
438 620 543 663 κατ’
590 613 746 677 οἷγρόν
793 615 956 673 ὁμοίως
1000 620 1306 676 γεωργικῶν
1351 618 1522 661 οἴκων
1567 619 1763 675 exempla
1802 619 1942 673 affert,
1991 634 2173 675 quorum
2202 621 2403 663 rationem
2433 621 2674 664 accuratius

293 693 495 737 describit
521 692 565 735 in
595 693 714 746 loco,
745 692 816 748 qui
845 691 1048 747 sequitur.
1106 691 1257 734 Galeni
1285 691 1390 746 περὶ
1421 683 1657 733 α’ντιδὸτων
1680 688 1858 745 βιβλίον
1890 695 1933 731 α’
1962 691 2026 733 ed.
2054 689 2242 742 Kuehn„
2272 691 2382 733 med.
2412 692 2564 734 Graec.
2592 692 2675 735 vol.

291 765 417 815 XIV,
447 765 596 807 Galen.
625 771 726 805 tom.
755 763 881 813 XIV,
908 778 950 818 p.
982 765 1028 803 17
1060 764 1147 816 (ed.
1178 763 1324 804 Chart.
1354 762 1477 815 XIII,
1507 765 1601 812 870,
1634 763 1762 802 Basil.
1782 761 1839 810 11,
1854 762 1956 816 426)
1988 756 2136 802 nuato?
2161 760 2264 811 τούς
2291 758 2453 817 ἂγροιές
2476 758 2676 813 ἅπαντας

291 834 398 893 παρ’
437 831 536 891 ἡμῖν
574 828 687 877 οἶκοι
726 832 917 888 γίνονται
955 829 1166 889 μεγάλοι,
1212 826 1288 888 τήν
1319 831 1397 885 μὲν
1434 830 1599 884 ἑστίαν,
1642 831 1711 888 ἐφ’
1739 823 1788 888 ἦς
1823 831 1997 876 καίουσι
2025 827 2077 875 τό
2103 834 2218 889 πῦρ,
2261 831 2306 874 ἐν
2330 832 2486 886 μέσοις
2513 832 2675 876 ἑαυτῶν

293 904 485 960 ἔχοντες,
526 899 580 949 ου’
606 902 718 949 πολῠ
756 904 806 949 δὲ
843 899 976 960 αὐτῆς
1005 899 1245 958 οἷπέχουσιν
1273 903 1321 949 αἱ
1347 905 1432 947 τῶν
1459 902 1705 960 ὑποζυγίων
1733 899 1931 957 στάσεις,
1976 897 2067 960 ἤτοι
2095 908 2187 947 κατ’
2216 897 2448 961 ἀμφότερα
2473 900 2526 948 τα
2549 906 2673 963 μέρη,

292 970 438 1032 δεξιόν
462 992 510 1022 τε
537 976 611 1021 καὶ
641 969 882 1033 α’ριστερόν,
911 971 937 1033 ἢ
963 969 1138 1027 πάντως
1165 989 1213 1032 γε
1240 970 1351 1019 κατά
1378 970 1578 1031 θάτερον.
1609 974 1695 1020 εἶσὶ
1727 974 1778 1020 δὲ
1806 977 2007 1034 κρίβανοι
2038 975 2360 1032 συνεζευγμένοι
2387 980 2485 1027 ταῖς
2512 974 2677 1028 ἑστίαις

290 1048 401 1094 κατα
428 1048 478 1093 τό
506 1044 663 1106 πρόσω
693 1049 825 1106 μέρος
862 1047 1045 1100 ἑαυτῶν,
1089 1041 1116 1093 ὃ
1149 1044 1262 1105 πρός
1293 1043 1365 1103 τῆν
1402 1046 1548 1105 θύραν
1587 1046 1743 1101 βλέπει
1776 1049 1856 1091 τοῦ
1894 1043 2059 1099 παντός
2095 1048 2232 1092 οἴκου.
2275 1050 2470 1092 τοιοῦτοι
2496 1048 2575 1100 μὲν
2601 1041 2675 1092 οὖν

290 1117 529 1171 ἅπαντες
557 1121 607 1165 οἱ
644 1119 780 1164 κατα
809 1116 930 1171 τούς
966 1116 1170 1177 οἷγροὺς
1202 1115 1344 1163 οἶκοι
1378 1117 1922 1173 κατασκευάζονται,
1962 1115 2041 1163 κᾶν
2068 1116 2263 1170 ειῖτελεῒς
2290 1112 2410 1163 ὦσιν.
2455 1121 2497 1164 οἱ
2527 1121 2675 1164 δ’ἐπι-

288 1193 548 1251 μελέστερον
575 1188 719 1237 αὐτῶν
744 1189 1161 1245 κατασκευαζόμενοι
1191 1187 1301 1235 κατα
1327 1191 1400 1235 τὸν
1426 1188 1545 1235 ἔνδον
1570 1195 1713 1245 τοῖχον
1738 1189 1888 1246 ἔχουσι
1916 1187 1990 1251 τήν
2019 1197 2110 1237 κατ’
2138 1187 2313 1249 ἆντικρυ
2348 1194 2403 1251 τῇ
2440 1187 2563 1250 θύρᾳ
2595 1209 2675 1237 τε-

289 1265 494 1322 ταγμένην
535 1263 732 1321 ἐξέδραν.
773 1264 1045 1322 ἑκατέρωθεν
1090 1264 1127 1306 δ’
1151 1259 1286 1318 αὸτῆς
1327 1264 1539 1312 κοιτῶνα,
1591 1267 1694 1305 καθ’
1734 1256 1784 1307 ὃν
1818 1259 1992 1306 ἄνωθεν
2042 1261 2161 1306 ἔστιν
2213 1262 2399 1321 ὑπερῷα
2447 1261 2675 1320 οἷκιζματα,

291 1330 555 1394 καθάπερ
590 1337 682 1379 καὶ
720 1334 851 1379 κατα
890 1333 1070 1379 πολλα
1099 1335 1203 1377 τῶν
1230 1324 1579 1387 πανδοᾷείων
1605 1333 1650 1377 ἐν
1679 1328 1821 1391 κύκλῳ
1851 1331 1964 1378 καιοὶ
1991 1337 2112 1392 τρεῖς
2138 1334 2314 1388 τοίχους
2339 1336 2418 1378 τοῦ
2445 1335 2573 1379 οἴκου
2598 1337 2678 1379 τοῦ

289 1401 506 1464 μεγάλου,
548 1401 762 1458 πολλάκις
789 1407 838 1451 δὲ
863 1407 935 1450 καὶ
968 1401 1078 1450 κατά
1104 1405 1327 1464 τέτταρας.
1357 1404 1405 1449 ἐκ
1431 1402 1598 1450 τούτων
1625 1398 1701 1449 οὖν
1726 1408 1813 1450 τῶν
1839 1404 2085 1465 οἶκημοίτων
2111 1405 2162 1450 τὸ
2190 1400 2384 1461 μάλιστα
2411 1404 2677 1461 σκεπόμενον

290 1478 570 1539 ἑκατέρωθέν
605 1478 719 1530 ἐστι,
760 1478 811 1523 τό
853 1477 964 1523 κατιὶ
1001 1480 1076 1536 τῆς
1111 1477 1297 1537 ἐξέδρας
1332 1477 1609 1531 ἐπικείμενον
1638 1478 1888 1535 (Kuehnius
1918 1480 2022 1522 bene
2053 1495 2064 1521 ε
2094 1480 2306 1523 „exedrae
2334 1479 2590 1523 incumbit«
2622 1480 2673 1524 cf.

289 1553 465 1596 Colum.-
489 1553 542 1597 de
571 1567 604 1595 r.
626 1568 659 1595 r.
681 1552 713 1604 I,
745 1555 770 1595 6
801 1552 1080 1609 „Apothecae
1109 1560 1222 1595 recte
1250 1560 1588 1608 superponentur
1618 1551 1681 1593 his
1711 1551 1826 1603 locis,
1856 1552 1969 1593 unde
2000 1551 2250 1609 plerumque
2279 1552 2419 1595 sumus
2446 1552 2636 1595 exoritur
2662 1569 2673 1596 ε

290 1624 488 1682 quoniam
516 1623 612 1665 vina
643 1624 820 1666 celerius
850 1631 1164 1675 vetustescunt,
1202 1638 1312 1681 quae
1351 1622 1454 1664 fumi
1484 1622 1666 1681 quodam
1697 1631 1840 1666 tenore
1869 1637 2117 1682 praecocem
2149 1623 2427 1665 maturitatem
2456 1623 2670 1666 trahunt“.

289 1696 479 1737 Pessime
517 1703 659 1736 autem
696 1695 822 1751 paulo
855 1709 983 1752 supra
1012 1695 1236 1736 Kuehnius
1265 1689 1315 1735 τό
1340 1688 1535 1746 μα’λιστα
1563 1690 1826 1746 σκεπόμενον
1851 1694 1962 1736 ἑκατ.
2002 1695 2123 1735 vertit
2165 1709 2301 1750 „quae
2341 1695 2520 1735 maxime
2559 1709 2671 1751 spe·

290 1777 463 1810 ctatur
493 1769 779 1824 utrobique“),
810 1767 854 1809 ἐν
881 1758 916 1822 ᾧ
945 1760 1015 1808 τόν
1042 1759 1157 1808 οἶνον
1181 1763 1205 1808 ὁ
1232 1759 1376 1823 πατήρ
1404 1782 1489 1820 μου
1517 1767 1785 1818 κατετίθετο,
1812 1765 1926 1821 μετὰ
1951 1766 2001 1809 τὸ
2028 1765 2137 1809 κατὰ
2166 1766 2269 1816 τούς
2289 1766 2456 1817 πίθους
2475 1768 2599 1820 ζέσαι
2624 1793 2666 1799 -

289 1865 343 1872 —
372 1834 561 1892 α’μείνων
590 1839 640 1881 δὲ
665 1841 754 1880 τῶν
781 1839 916 1881 οἴκων
943 1835 968 1880 ὁ
996 1837 1114 1895 πρὸς
1142 1838 1419 1895 μεσημβρίαν
1445 1838 1523 1892 μὲν
1550 1838 1857 1896 ἐστραμμένος,
1904 1833 2260 1895 α’πεστραμμένος
2287 1839 2337 1881 δὲ
2364 1834 2444 1888 τοῗς
2471 1835 2667 1896 ἄρκτους.

288 1937 341 1943 ——
360 1936 415 1943 ——
436 1910 689 1954 συντίθεται
712 1904 796 1953 οὖν-
816 1912 860 1953 ἐν
886 1904 1020 1968 ταύτῃ
1048 1911 1101 1967 τῇ
1124 1904 1286 1968 βοτάνῃ
1315 1914 1388 1969 (τῇ
1414 1905 1658 1966 κολυμβᾶδι
1688 1914 1776 1954 sive
1806 1913 1976 1969 στοιβῇ)
2005 1910 2062 1953 to?
2090 1906 2295 1967 κεράμια,
2323 1912 2396 1954 καὶ
2424 1915 2513 1954 τῶν
2540 1912 2671 1954 οἴκων

286 1983 373 2027 τῶν
401 1974 618 2040 ὑπερῴων
643 1984 724 2027 τοῦ
758 1983 917 2041 μέρους
950 1978 1026 2026 τόν
1064 1982 1136 2027 ἕνα
1176 1982 1322 2038 τοίχον
1363 1985 1560 2041 διετίτρα
1599 1976 1810 2041 τρήμασιν
1851 1975 2122 2039 ἀξιολόγοις,
2170 1982 2481 2040 ἐστραμμένοις
2510 1981 2574 2035 εἷς
2599 1982 2671 2028 τὸν

286 2055 420 2112 μέγαν
446 2049 576 2106 σῖκον,
606 2053 650 2099 ἐν
677 2046 712 2110 ᾧ
739 2048 817 2098 τόν
842 2070 889 2098 τε
916 2054 1118 2112 κρίβανον
1146 2052 1254 2111 ἔφην
1282 2050 1390 2099 εἶναι
1420 2056 1491 2099 καὶ
1520 2052 1594 2111 τήν
1621 2054 1777 2107 ἑστίαν,
1806 2050 2197 2113 προμηθούμενος,
2226 2053 2303 2099 διά
2330 2057 2415 2099 τῶν
2440 2049 2672 2112 τρημάτων

287 2125 464 2178 εἶςιέναι
490 2124 745 2184 θερμασίαν
771 2123 838 2176 εἷς
871 2121 941 2169 τὸν
978 2122 1116 2178 οἷκον,
1158 2126 1201 2170 ἐν
1244 2119 1278 2182 ᾦ
1312 2125 1368 2170 τά
1408 2120 1598 2184 κεράμια
1640 2127 1913 2170 κατετίθετο.
1958 2124 2004 2170 ἔκ
2032 2141 2078 2170 τε
2106 2121 2179 2170 οὖν
2205 2129 2280 2184 τῆς
2307 2124 2418 2170 κατα
2444 2124 2515 2170 τόν
2540 2129 2673 2184 μέγαν

284 2193 405 2242 οἷκον
434 2197 687 2256 θερμασίας
715 2195 740 2253 ἡ
766 2192 971 2255 ἀποθήκη
1000 2197 1340 2255 θερμαινομένη,
1383 2193 1464 2240 κοῖκ
1491 2199 1769 2254 τῆςστοιβῆς
1797 2198 2073 2256 θαλπομένη,
2120 2194 2387 2255 διεφύλαττε
2421 2192 2566 2242 πάντα
2601 2198 2675 2242 τὸν

285 2265 421 2325 οἶνον,
459 2267 520 2319 ὠς
554 2268 774 2326 μηδέποτε
812 2264 1084 2325 ὀξυνθῆναια.
1143 2271 1342 2312 Ceterum
1380 2272 1447 2312 vix
1489 2286 1594 2326 opus
1635 2272 1712 2313 erit
1741 2280 1941 2313 annotare
1967 2272 2175 2314 Galenum
2207 2288 2289 2314 non
2319 2273 2451 2328 ipsam
2475 2272 2673 2315 Ulixeam

285 2335 529 2399 μεσόδμην,
563 2337 639 2398 τήν
665 2336 935 2399 κρεμάθραν,
965 2340 1036 2383 sed
1067 2342 1182 2395 prius
1210 2340 1314 2382 illud
1341 2340 1577 2392 μεσοδμιῦν
1604 2357 1752 2397 genus,
1782 2358 1820 2384 v.
1852 2358 1979 2398 supra
2009 2358 2108 2397 pag.
2139 2346 2192 2384 38
2222 2358 2299 2398 sq„
2329 2343 2454 2397 cujus
2487 2339 2675 2397 ὑπερῷα

290 2428 418 2471 super
463 2410 540 2471 τήν
585 2406 713 2455 δοκόν
759 2419 976 2455 exstructa
1023 2420 1170 2462 erant,
1219 2412 1505 2469 descripsisse.
1561 2413 1712 2470 Neque
1753 2428 2008 2470 quemquam
2046 2414 2295 2470 praeteribit
2333 2415 2519 2458 κοιτῶνα
2555 2415 2671 2457 illum

288 2484 500 2543 duplicem
531 2485 582 2527 ab
612 2494 792 2540 utraque
822 2482 1006 2540 ἐξέδρας
1035 2484 1123 2526 sive
1150 2483 1292 2536 μυχοῦ
1318 2494 1438 2541 parte
1467 2484 1648 2539 positum
1677 2484 1728 2526 ab
1758 2484 1909 2527 Ulixi
1951 2484 2120 2541 quidem
2153 2485 2327 2527 aedibus
2356 2486 2536 2529 alienum
2567 2501 2669 2537 esse,

287 2557 444 2613 quippe
473 2555 544 2613 qui
574 2571 696 2597 suum
727 2555 804 2597 sibi
834 2555 1061 2597 thalamum
1090 2555 1131 2596 in
1162 2554 1506 2597 interioribus
1536 2554 1708 2598 aedibus
1736 2555 1994 2597 exstruxisse
2023 2555 2286 2606 videatur,
2317 2556 2369 2599 cf.
2391 2561 2457 2606 23,
2478 2561 2557 2598 290
2578 2572 2667 2613 sqq.

285 2626 472 2683 inprimis
503 2630 595 2668 294.
627 2629 720 2669 295.
755 2650 799 2656 —
833 2650 886 2656 --

423 2696 641 2748 Ulixes,
683 2707 905 2756 postquam
938 2700 1134 2754 sagittam
1165 2714 1244 2757 per
1273 2697 1485 2740 securium
1514 2697 1721 2741 foramina
1749 2698 1990 2748 transmisit,
2020 2690 2125 2740 ἆλτο
2152 2696 2228 2740 ἐπὶ
2255 2698 2386 2755 μέγαν
2414 2691 2546 2741 ου’δόν
2572 2699 2597 2739 i.
2627 2714 2663 2741 e.
2729 2717 2794 2750 Re.
2829 2717 2915 2750 mm,

285 2771 327 2811 in
364 2769 490 2810 limen
527 2769 767 2827 principalis
801 2771 958 2826 januae
993 2771 1084 2812 oeci
1124 2772 1203 2825 (cf.
1240 2771 1372 2811 schol.
1403 2770 1445 2812 S.
1474 2770 1527 2811 ad
1555 2788 1605 2819 α,
1633 2774 1713 2812 255
1752 2769 1833 2812 »ἐν
1860 2767 2062 2829 πρώτῃσι
2092 2764 2286 2826 θιῖρῃσιε
2312 2770 2357 2810 ἐν
2384 2771 2540 2818 αὐταῖς
2567 2773 2665 2819 ταῖς
2687 2764 2955 2849 Ξὲἰέξὲἒῗὲἓξ

286 2832 487 2897 πρώταις
526 2842 647 2888 ταῖς
689 2840 955 2891 αὐλείαις
996 2834 1218 2899 θύραις.
1270 2844 1580 2898 προοικονομεῖ
1616 2839 1767 2884 πόθεν
1804 2838 1926 2885 ἔσται
1955 2839 2382 2898 ἡμνηστηροφονία).
2441 2842 2503 2884 1ὺί
2532 2842 2661 2898 igitur
2687 2863 2723 2885 se
2747 2861 2846 2896 apt-e
2868 2858 2955 2888 nint.

286 2911 422 2954 stabat
450 2926 635 2968 pugnam
667 2926 763 2952 cum
803 2913 941 2968 procis
978 2913 1293 2955 commissurus.
1352 2913 1491 2970 Prope
1535 2928 1631 2955 eum
1675 2923 1747 2955 aut
1790 2923 1906 2956 certe
1949 2915 1989 2955 in
2033 2913 2171 2971 priore
2212 2913 2302 2954 oeci
2344 2922 2461 2970 parte
2508 2914 2666 2955 versari

287 2983 564 3041 suspicaberis
605 2983 915 3034 Eumaeum,
953 2998 1077 3040 quem
1106 2991 1205 3041 post
1233 2998 1321 3027 rem
1351 2989 1417 3036 21,
1447 2989 1529 3027 380
1557 2984 1750 3026 traditam
1782 2985 1977 3026 continuo
2006 2984 2046 3024 in
2077 2998 2225 3024 oecum
2256 2983 2418 3026 redisse
2449 2985 2663 3041 conjicies,

286 3069 415 3111 quum
464 3054 552 3097 sine
600 3052 725 3095 dubio
774 3055 914 3095 statim
962 3057 1096 3111 prima
1142 3071 1287 3112 pugna
1328 3056 1471 3112 jussus
1510 3058 1562 3098 sit
1601 3057 1775 3113 januam
1818 3057 1902 3096 sive
1939 3054 2044 3095 viam
2075 3055 2188 3095 illam
2220 3059 2285 3109 22,
2319 3058 2395 3096 129
2426 3056 2663 3107 observare,

285 3125 624 3168 Philoetium
656 3125 733 3175 (cf.
763 3129 828 3177 21,
857 3128 932 3165 391
967 3140 977 3165 :
1006 3124 1053 3174 ἐς
1080 3121 1225 3182 δ’ἦιεν
1253 3120 1386 3177 αότός
1414 3144 1451 3169 κ.
1479 3143 1515 3169 τ.
1547 3127 1634 3181 λ.),
1681 3127 2073 3168 Telemachum.
2132 3126 2436 3168 Telemachum
2486 3128 2527 3168 in
2574 3127 2664 3184 ipsa

286 3195 422 3253 prima
450 3212 593 3253 pugna
621 3211 753 3253 prope
783 3194 951 3238 Ulixem
984 3196 1171 3251 stetisse,
1211 3199 1363 3255 colligo
1403 3213 1426 3241 e
1456 3203 1521 3249 21,
1550 3202 1627 3241 431
1661 3212 1750 3253 sqq.
1780 3213 1789 3237 :
1820 3186 1845 3252 ἦ
1871 3195 2080 3252 (Ulixes),
2113 3195 2184 3239 καὶ
2214 3194 2284 3240 ἐπ’
2312 3190 2478 3254 ὅφρυσι
2507 3198 2662 3240 νείσεν.

285 3265 312 3311 o‘
341 3266 381 3310 δ’
396 3267 624 3322 α’μφίθετο
651 3267 780 3325 ξίφος
806 3262 883 3321 ὀξύ
916 3265 1171 3323 Τηλέμαχος
1198 3268 1332 3326 φίλος
1361 3266 1456 3320 υἱός
1485 3268 1720 3324 Ὀδυσσῆος
1748 3269 1915 3317 θειοῖο,
1960 3268 2093 3324 Ἀμφὶ
2132 3267 2181 3311 δὲ
2217 3272 2348 3326 χεῖρα
2371 3269 2502 3326 φίλην
2527 3266 2665 3324 βάλεν

287 3335 424 3395 ἔγχεϊ,
471 3334 573 3396 ἄγχι
611 3341 648 3383 δ’
664 3336 733 3399 ἄρ’
770 3340 904 3384 αὐτοῦ
941 3334 1044 3397 Παρ
1086 3337 1246 3397 θρόνον
1285 3333 1458 3398 ἑστήκει
1485 3337 1804 3397 κεκορυθμένος
1832 3338 2004 3382 αἴθοπι
2032 3333 2191 3396 χάλκῳ.
2250 3341 2383 3384 Verto
2430 3343 2565 3393 enim,
2616 3352 2665 3387 ut
