2955 3681
1472 95 1539 145 64

309 243 442 286 dicam
458 275 470 295 ‚
512 244 634 301 quod¹
656 244 815 295 sentio,
850 243 981 286 fuisse
1021 242 1190 286 videtur
1219 242 1301 284 hoc
1332 257 1344 285 ε
1367 234 1534 299 ’Λκρόι
1566 240 1618 285 δὲ
1644 244 1752 300 παρ’
1769 235 1904 287 οὐδόν
1929 237 1984 277 -“-
2010 269 2068 278 -
2094 236 2144 302 ἦν
2169 240 2270 297 ὁδὸς
2295 243 2341 297 ἐς
2367 237 2552 303 λαύρην,
2590 244 2704 289 unde

307 315 572 371 intelligitur,
601 330 681 358 cur
710 316 936 371 utriusque
964 313 1079 357 vocis
1109 321 1153 357 et
1180 306 1316 356 ου’δοῦ
1341 321 1387 356 et
1413 307 1581 372 λαύρης
1608 313 1898 373 interpretatio
1930 323 2147 373 sequatur.
2203 318 2271 360 Et.
2292 318 2406 361 Gud.
2436 318 2463 360 l.
2492 317 2518 360 l.
2548 315 2704 360 brevis·

299 379 413 430 'sime
456 388 593 430 solum
634 381 766 430 ου’δόν
799 385 1003 444 explicat,
1048 386 1158 429 sch.
1203 385 1360 441 vulg.
1396 386 1521 436 item,
1561 385 1636 430 sed
1674 386 1868 429 nomin.
1900 401 2013 429 casu.
2071 385 2239 432 Scholia
2269 388 2461 445 Vulgata
2489 403 2612 440 vero,
2655 395 2705 431 ut

306 459 443 502 forma
469 459 586 502 vocis
615 460 750 514 magis
779 458 833 501 ab
861 457 1096 501 Homerico
1125 452 1298 500 οιῗόόν
1325 457 1556 508 recedunt,
1594 458 1653 500 ita
1690 457 1901 500 sententia
1939 457 2124 500 omnium
2160 460 2319 516 optime
2358 467 2551 516 poetae
2579 459 2705 502 verba

306 531 664 587 interpretantur,
702 530 860 588 quippe
899 530 971 587 qui
1011 545 1048 573 v.
1081 531 1159 572 127
1196 543 1281 571 non
1310 536 1359 570 ut
1390 543 1428 569 v.
1462 532 1540 573 126
1569 544 1678 572 voce
1719 523 2024 585 „o'oooffiipry“
2063 530 2203 572 locum
2245 527 2291 571 ἐν
2322 531 2387 585 τῷ
2420 527 2706 587 καταντικρῠς

304 602 381 656 vrjg
415 594 586 651 εἶςόδου
611 599 770 656 τοίχῳ,
810 600 855 644 in
890 601 1052 658 pariete
1075 600 1233 656 januae
1262 597 1506 655 principali,
1542 600 1584 642 in
1615 615 1699 656 qua
1726 598 1878 642 Ulixes
1908 599 2067 653 stabat,
2106 600 2323 658 opposito,
2365 601 2440 644 sed
2482 602 2624 661 locum
2661 601 2704 644 in

306 665 537 728 προδόμου
563 673 722 728 pariete
753 675 963 715 exteriore
989 671 1061 726 (cf.
1088 666 1299 714 ἔκτοσθεν
1327 685 1456 728 supra
1474 685 1515 727 p.
1536 672 1603 721 55,
1634 686 1671 713 v.
1698 674 1747 713 10
1775 678 1819 713 et
1847 679 1990 714 annot.
2023 671 2129 728 13.))
2159 672 2280 714 aulae
2309 671 2482 714 adverso
2511 674 2705 728 proxime

304 738 437 788 οὕδὸν
463 744 697 787 fraxineum
729 743 969 800 principalis
992 743 1148 799 Januae
1193 742 1415 787 describat.
1487 741 1730 785 Sublata
1769 751 1908 785 autem
1953 743 2096 799 glossa
2128 734 2317 795 umidos,
2347 740 2608 798 npddopaoc«
2651 745 2703 786 de

306 816 465 858 scholio
495 815 546 857 ad
576 830 617 856 v.
650 816 742 865 130,
773 814 873 871 quid
903 814 1113 871 reliquum
1140 814 1205 865 sit,
1235 812 1537 857 examinemus.
1596 812 1742 856 Verba
1771 804 2016 870 ὄρσοθύρα,
2046 807 2205 870 λαύρα,
2234 807 2474 866 θάλαμος,
2502 807 2658 872 ἅνδραί
2668 829 2703 865 ν,

308 887 389 939 (sic
429 885 539 928 enim
578 886 850 927 scribendum
881 885 979 941 erit)
1002 886 1091 941 jam
1122 900 1205 927 non
1236 879 1326 934 ἑνός
1350 877 1483 937 μόνου
1512 877 1672 941 α’νδρὸς
1699 885 1830 936 viam,
1871 899 1997 942 quam
2028 884 2288 930 Melanthius
2317 886 2587 943 improbavit,
2629 886 2703 931 sed

305 958 440 1005 viam,
479 972 562 1013 qua
592 956 850 998 Melanthius
877 971 923 997 re
952 970 1051 997 vera
1079 957 1308 997 thalamum
1341 971 1550 998 armorum
1581 957 1730 1013 petivit
1760 965 1888 1013 atque
1916 970 1939 997 e
1968 957 2154 1001 thalamo
2185 958 2328 1008 rediit,
2357 957 2702 1016 interpretantur.

305 1026 428 1081 Quae
448 1035 590 1071 antem
620 1035 938 1070 antecesserunt
967 1021 1084 1076 »ἑνὸς
1112 1026 1163 1069 δὲ
1190 1019 1240 1083 ἦν
1267 1024 1467 1081 ἔξοδοςα,
1497 1038 1568 1069 aut
1599 1029 1751 1069 iterum
1781 1029 1965 1070 animum
1999 1029 2224 1072 advertunt
2253 1030 2303 1072 ad
2332 1029 2385 1083 id,
2417 1030 2529 1086 quod
2550 1026 2707 1084 ἔξοδος

304 1097 351 1149 ἐς
391 1093 625 1157 πρόδομον
652 1099 777 1141 modo
808 1114 830 1140 a
862 1098 1090 1142 scholiasta
1119 1110 1448 1142 commemorata
1475 1099 1602 1143 unius
1630 1108 1795 1142 tantum
1826 1100 2004 1143 hominis
2035 1100 2110 1152 sit,
2149 1108 2223 1144 aut
2263 1101 2510 1144 denuntiant
2545 1102 2703 1145 descri-

303 1172 489 1228 ptionem
528 1172 620 1212 viae
659 1169 754 1219 ἑνὸς
794 1163 947 1223 μόνου,
988 1185 1097 1227 quae
1135 1185 1219 1213 non
1257 1173 1461 1228 sequitur.
1530 1171 1640 1213 lllud
1670 1170 1703 1214 si
1732 1172 2004 1229 probaveris,
2046 1172 2242 1215 lacunam
2273 1173 2329 1216 ita
2357 1172 2445 1216 fere
2475 1173 2705 1231 explebis:

303 1241 570 1286 Μελανθίου
598 1242 648 1284 δὲ
678 1235 755 1297 ἥδε
783 1237 809 1298 ἡ
833 1234 946 1291 ὁδός.
1004 1242 1158 1285 Altera
1186 1244 1395 1285 sententia
1424 1244 1610 1299 praelata
1641 1245 1701 1285 sic
1729 1244 1819 1286 fere
1850 1244 2006 1286 scribes
2035 1260 2045 1287 ε
2083 1242 2181 1293 ἑνός
2210 1243 2260 1287 δὲ
2287 1241 2313 1300 ἡ
2343 1241 2497 1298 ἔξοδος
2524 1238 2571 1301 ἦν
2597 1239 2699 1301 ἥδε·

302 1306 559 1371 ὄρσοθύρα,
589 1308 751 1369 λαύρα,
782 1302 982 1367 ’(στόμα),
1014 1308 1116 1362 ὁδὸς
1141 1310 1189 1362 ἐς
1217 1309 1407 1370 λαύραν,
1438 1307 1687 1370 πρόδομος·
1727 1312 1998 1357 Μελανθίου
2026 1312 2075 1357 δὲ
2102 1308 2181 1371 ἥδε
2208 1330 2246 1357 κ.
2274 1331 2312 1357 τ.
2341 1314 2379 1357 λ.
2437 1315 2703 1359 Lacunosam

303 1386 416 1428 hanc
446 1385 665 1439 rationem,
697 1386 794 1441 quia
823 1385 876 1426 ad
908 1392 1102 1427 veterum
1134 1384 1363 1426 editionum
1395 1386 1574 1441 vestigia
1602 1387 1789 1442 pressius
1818 1387 2017 1430 ac'cedere
2037 1387 2216 1438 videtur,
2246 1386 2439 1444 equidem
2463 1387 2704 1445 simpliciori

304 1457 387 1507 illi,
432 1472 558 1513 quarn
604 1457 741 1513 primo
772 1456 866 1499 loco
900 1455 1126 1512 proposui,
1169 1456 1453 1513 praetulerim.
1513 1457 1676 1500 Tamen
1708 1458 1810 1501 certi
1841 1458 2069 1515 quidquam
2101 1458 2181 1501 hac
2210 1461 2250 1500 in
2280 1473 2326 1501 re
2356 1474 2406 1502 eo
2437 1460 2575 1502 minus
2604 1475 2703 1504 con-

304 1529 527 1582 tenderim,
572 1544 657 1585 quo
694 1528 858 1571 facilius
894 1528 992 1570 mihi
1036 1528 1184 1585 aliquis
1226 1530 1500 1585 persuadeat,
1544 1537 1681 1572 totum
1725 1529 1846 1572 illum
1891 1546 2058 1572 versum
2102 1530 2154 1573 ab
2198 1528 2331 1581 »ἑνός
2359 1530 2409 1573 δὲ
2437 1522 2487 1588 ἦν
2513 1528 2703 1586 ἔξοδοςα

305 1602 435 1661 ipsius
463 1601 607 1644 scholii
638 1608 802 1656 partem
834 1600 970 1657 primo
1000 1615 1082 1642 non
1112 1599 1253 1650 fuisse,
1286 1601 1360 1643 sed
1389 1617 1413 1642 a
1438 1603 1683 1656 posterioris
1713 1602 1918 1657 temporis
1946 1603 2114 1644 librario
2144 1617 2235 1645 esse
2261 1604 2489 1659 appictum.

443 1721 498 1729 —
527 1722 578 1728 -
609 1693 845 1747 Quaerenti
875 1710 992 1743 vero,
1026 1703 1169 1736 utrum
1201 1694 1390 1736 foramen
1421 1695 1524 1735 illud
1557 1688 1816 1751 ὀρσοθύρας
1844 1697 1883 1736 in
1913 1689 2142 1752 μεσόδμης
2179 1696 2312 1738 latere
2349 1705 2540 1753 apertum
2570 1698 2623 1738 sit
2652 1697 2705 1739 ad

305 1768 450 1813 lumen
492 1767 533 1811 in
574 1761 800 1824 peeoo'dwy
841 1764 1169 1818 admittendum,
1219 1782 1271 1808 an
1311 1774 1360 1808 ut
1397 1782 1524 1810 aurae
1562 1766 1688 1810 flatus
1726 1759 1989 1823 α’μφιπύλυυ
2018 1769 2173 1825 duplici
2197 1770 2332 1824 janua
2363 1771 2571 1811 excitatus
2600 1770 2705 1812 fumi

305 1847 470 1899 partem
500 1839 690 1893 tolleret,
722 1854 773 1882 an
805 1846 853 1882 ut
882 1838 998 1883 calor
1027 1854 1050 1883 e
1076 1838 1204 1894 μυχῷ
1229 1834 1402 1895 ἐσχάρᾳ
1432 1839 1622 1895 proximo
1652 1839 1694 1882 in
1725 1836 1929 1895 ὑπερῷον
1957 1841 2061 1882 illud
2091 1833 2185 1897 (τήν
2211 1833 2489 1898 κρεμάθραν)
2508 1842 2703 1896 ,deduce-

305 1920 434 1962 retur,
465 1911 705 1970 proximum
735 1911 816 1954 hoc
846 1910 1192 1954 verisimillimum
1224 1925 1317 1954 esse
1344 1911 1605 1967 respondebo
1621 1910 1683 1965 ¹⁴).
1742 1910 1851 1953 Nam
1897 1915 1957 1954 et
1996 1913 2109 1968 apud
2145 1912 2246 1954 alias
2285 1922 2435 1968 gentes
2474 1913 2703 1965 conclavia,

306 1999 417 2040 quae
446 1983 629 2026 calefieri
659 1991 851 2040 possent,
884 1983 1056 2039 antiquo
1087 1991 1275 2038 tempore
1313 1982 1609 2039 pensilium
1641 1982 1905 2024 conclavium
1937 1983 2106 2026 nomine
2135 1983 2366 2040 significata
2395 1998 2485 2028 esse
2524 1985 2703 2029 viden-

305 2063 400 2099 tur
422 2055 494 2109 ¹⁵),
526 2055 580 2098 cf.
610 2054 718 2097 Dz'ez
747 2065 794 2097 et.
822 2055 896 2097 wb.
919 2071 969 2111 p.
995 2057 1092 2095 707.
1110 2057 1208 2096 708.
1232 2054 1429 2097 „Poele
1447 2055 1516 2110 fr.
1534 2055 1634 2109 (m.)
1662 2054 1849 2096 hu‘zbare
1877 2057 2111 2106 wolmstuba
2142 2055 2251 2098 auch
2280 2055 2389 2111 osen,
2417 2055 2535 2111 altfr.
2557 2056 2702 2113 poisle.

305 2127 401 2170 Das
439 2127 616 2169 mlatein.
657 2128 772 2168 bietet
809 2126 939 2181 pisele
976 2126 1116 2166 Edict.
1157 2126 1300 2175 Roth„
1342 2125 1482 2180 pisalis
1519 2126 1692 2182 (falech
1731 2125 1873 2182 pisalis
1910 2127 2070 2184 qeschr.
2110 2127 2246 2169 Gloss.
2276 2143 2402 2185 pray.
2434 2127 2496 2171 ed.
2526 2127 2593 2170 Ho
2630 2129 2703 2185 m.)

305 2215 347 2241 u.
378 2198 460 2254 dyl.
519 2197 621 2240 Dies
657 2198 771 2239 wez'st
803 2196 980 2253 formell
1016 2200 1099 2250 auf
1129 2198 1195 2238 lat.
1234 2197 1421 2253 pensile,
1461 2198 1694 2253 syncopz‘ert
1731 2196 1859 2252 pesile
1888 2198 1911 2251 (
1923 2198 2050 2239 daher
2078 2199 2151 2238 der
2188 2198 2307 2254 lanye
2342 2200 2457 2241 vocal
2487 2201 2541 2241 im
2573 2199 2702 2256 fries.

306 2269 426 2326 pysel
468 2267 610 2328 [immo
641 2268 802 2325 pisel,
834 2285 872 2310 v.
902 2284 982 2311 von
1012 2267 1264 2323 Rz‘chthofen
1293 2267 1333 2309 in
1365 2267 1421 2324 v.]
1449 2268 1563 2310 mhd.
1594 2268 1779 2326 psisel),
1820 2269 1945 2310 allev‘n
1974 2270 2045 2309 der
2072 2269 2244 2323 loqische
2272 2272 2618 2329 zusammenlcoeny
2649 2271 2705 2312 ist

306 2341 421 2384 nicht
446 2341 637 2383 deutlich.
665 2366 708 2372 —
738 2365 782 2372 —
816 2339 908 2382 Das
936 2340 1151 2382 alterthum
1179 2340 1288 2382 redet
1317 2354 1393 2381 von
1424 2340 1619 2381 horreum
1651 2339 1812 2396 pensile
1841 2338 1913 2396 [cf.
1947 2340 2112 2383 Colum.
2143 2339 2196 2381 de
2225 2355 2255 2382 r.
2286 2356 2318 2382 r.
2349 2341 2383 2393 Ι,
2414 2344 2453 2391 6,
2483 2357 2522 2397 p.
2552 2344 2605 2382 39
2635 2341 2699 2383 ed.

307 2412 555 2455 Mannhem.
594 2421 637 2453 et
676 2426 803 2469 supra
840 2426 936 2468 pag.
967 2413 1019 2452 52
1048 2409 1196 2467 med.]‚
1242 2409 1321 2452 das
1345 2410 1568 2452 mittelalter
1596 2426 1672 2452 von
1702 2411 1851 2452 domus
1880 2411 2074 2468 pensilis,
2121 2425 2287 2453 camera
2315 2412 2529 2468 pendens3
2572 2414 2702 2454 dieser

307 2500 414 2540 spur
440 2487 551 2525 wiire
576 2484 889 2541 nachzuyeltenss
922 2482 1002 2537 (de
1030 2482 1158 2525 variis
1185 2481 1331 2524 formis
1361 2480 1553 2536 ejusdem
1586 2480 1698 2522 vocis
1726 2480 1766 2522 in
1797 2481 2059 2524 Germanicis
2089 2480 2243 2536 linguis
2273 2482 2327 2525 cf.
2359 2482 2535 2525 Grimm.
2565 2497 2701 2538 gram.

449 2733 491 2778 ¹⁴)
513 2735 591 2767 Non
625 2745 716 2777 nego
750 2734 820 2767 fieri
850 2735 1021 2775 potuisse,
1054 2737 1095 2765 ut
1114 2732 1327 2765 interdum
1353 2730 1535 2763 condenda
1557 2730 1748 2775 promenda
1770 2742 1830 2774 per
1853 2727 2058 2782 όρσοΰύραν
2081 2732 2367 2775 transferrentur,
2399 2744 2466 2776 qua
2489 2733 2702 2768 Melanthius

310 2793 352 2826 ad
376 2804 472 2826 arma
496 2794 611 2835 procis
635 2793 844 2836 porrigenda
868 2803 949 2825 usus
974 2803 1050 2825 esse
1075 2792 1219 2824 videtur.
1268 2790 1410 2832 Vulgo
1437 2800 1497 2831 per
1520 2784 1586 2838 «ἢν
1609 2784 1816 2838 mistav-univ
1839 2790 2080 2822 ascendebant.

450 2870 491 2914 ¹⁶)
514 2871 592 2904 Nou
627 2878 664 2903 ut
688 2871 899 2904 Graecarum
933 2871 1251 2912 antiquissimarum
1283 2868 1417 2901 aedium
1442 2869 1630 2912 imaginem
1654 2869 1696 2899 ad
1722 2868 1964 2911 Hyperboreae
1990 2870 2111 2902 domus
2136 2870 2393 2902 similitudinem
2418 2872 2617 2912 exprimam,
2640 2871 2700 2903 sed

311 2934 348 2960 ut
380 2928 610 2961 demonstrem
646 2929 792 2969 pensilia
815 2929 1012 2967 conclavia,
1036 2937 1125 2967 quae
1151 2926 1324 2966 calefiant,
1355 2927 1468 2966 inepte
1492 2925 1572 2956 ficta
1597 2935 1664 2955 non
1693 2935 1788 2963 esse,
1816 2926 2010 2958 adscribam
2035 2926 2140 2957 verba
2164 2926 2206 2958 B.
2231 2926 2414 2960 Franklini
2438 2926 2702 2972 „Philosophical

308 2984 378 3018 and
401 2983 653 3018 Miscellaneam
677 2983 810 3029 Paper-2,
837 2982 973 3018 London
1000 2982 1098 3022 1787,
1121 2997 1154 3028 p.
1178 2983 1223 3015 47
1248 2987 1338 3025 sq.“‚
1370 2993 1468 3023 quae,
1492 2992 1596 3023 quum
1622 2983 1770 3013 libellum
1795 2993 1907 3015 meum
1931 2984 2085 3025 legisset,
2111 2984 2341 3024 comparanda
2365 2984 2447 3016 mihi
2472 2986 2703 3026 suppeditavit

310 3041 542 3082 Christianus,
580 3041 685 3076 frater
709 3043 908 3076 carissimus
934 3053 942 3074 :
971 3039 1022 3074 ‚11
1047 3042 1077 3074 is
1106 3041 1181 3075 said
1212 3040 1262 3074 the
1286 3039 1472 3075 Icelanders
1501 3039 1584 3074 leave
1615 3050 1693 3081 very
1723 3039 1800 3074 Iiule
1821 3041 1907 3083 fuel,
1937 3041 2050 3084 chiefly
2072 3041 2151 3083 driu
2174 3042 2265 3075 wool
2287 3042 2355 3074 alme
2378 3053 2482 3074 eomes
2506 3054 2595 3086 upon
2617 3042 2701 3076 their

309 3106 411 3133 coast.
474 3099 516 3132 To
547 3102 671 3133 receive
701 3110 790 3133 more
819 3099 1002 3144 advantage
1024 3100 1108 3142 from
1132 3099 1173 3133 its
1195 3097 1288 3138 heae,
1321 3097 1391 3142 they
1414 3098 1506 3131 make
1530 3096 1614 3130 their
1635 3097 1731 3130 deors
1754 3097 1814 3132 low
1828 3123 1836 3139 ,
1871 3097 1941 3130 ancl
1962 3097 2044 3131 leave
2067 3109 2089 3130 a
2112 3105 2198 3143 stays
2221 3099 2326 3133 mund
2347 3098 2397 3131 tlte
2419 3110 2506 3132 mom
2530 3101 2627 3133 above
2650 3100 2702 3133 the

310 3156 399 3197 door,
423 3156 485 3189 like
509 3167 532 3189 a
551 3157 696 3201 9nllery,
723 3157 864 3190 soher-ein
886 3156 936 3189 the
960 3168 1082 3191 women
1105 3167 1170 3188 can
1192 3158 1234 3189 sie
1258 3155 1327 3187 and
1349 3156 1448 3194 work,
1474 3155 1526 3187 the
1550 3165 1623 3187 men
1645 3153 1724 3186 read
1745 3167 1783 3188 or
1803 3156 1903 3195 write,
1927 3161 1987 3188 etc.
2038 3154 2100 3188 Tlte
2122 3157 2201 3198 roos
2216 3157 2307 3199 being
2330 3155 2424 3199 niglu,
2448 3155 2499 3187 the
2523 3167 2624 3189 noar-m
2647 3157 2702 3190 air

309 3214 340 3248 ⁸⁸⁸
369 3213 517 3256 confined
548 3214 587 3258 by
616 3215 661 3256 ic,
696 3214 765 3247 and
794 3214 868 3260 kept
894 3214 981 3257 from
1004 3214 1108 3258 risinq
1130 3213 1243 3258 kiqher
1265 3211 1333 3246 and
1354 3214 1529 3258 escapin93
1561 3211 1631 3245 aad
1655 3211 1706 3245 the
1729 3212 1802 3246 cold
1825 3214 1898 3253 air,
1934 3213 2039 3247 ιοΙιὲι-Ιι
2062 3220 2165 3248 enters
2189 3215 2240 3248 the
2262 3214 2361 3248 house
2383 3213 2474 3247 when
2497 3214 2546 3248 lke
2568 3215 2648 3249 door
2670 3216 2701 3248 is

311 3272 451 3315 opened,
477 3277 597 3305 cannot
619 3273 686 3305 rise
709 3273 806 3306 above
827 3272 877 3305 the
902 3271 982 3306 let-el
1003 3273 1043 3314 os
1061 3272 1110 3304 the
1134 3277 1188 3315 top
1212 3272 1253 3313 os
1270 3270 1320 3303 tlte
1343 3270 1438 3310 door,
1472 3271 1606 3303 because
1631 3271 1656 3302 il
1678 3270 1707 3303 ie
1730 3269 1858 3305 keaoier
1880 3270 1959 3304 than
1982 3269 2034 3304 tlte
2055 3283 2156 3305 avam
2179 3273 2233 3304 air
2253 3272 2351 3305 above
2372 3271 2422 3304 the
2444 3271 2542 3314 door,
2573 3272 2644 3306 and
2665 3283 2701 3307 σο

310 3327 400 3363 those
422 3329 459 3362 t'n
481 3327 533 3362 the
555 3328 678 3372 qaum-y
700 3339 757 3362 are
778 3335 833 3362 noe
856 3328 1077 3362 incommodet!
1099 3329 1139 3372 by
1161 3328 1217 3360 ic.-
