2955 3681
1504 112 1571 162 '70

332 272 373 316 p.
390 258 456 309 17,
483 255 609 312 inin).
636 256 872 316 Postquam
899 272 1049 302 oecum
1079 265 1385 315 purgaverunt,
1413 259 1531 316 ipsae
1559 259 1814 316 supplicium
1844 259 2029 304 subeunt
2050 262 2134 304 459
2162 253 2402 318 Μεσσηγύς
2424 273 2475 304 τε
2492 254 2633 303 θόλου
2657 258 2734 303 καὶ

331 320 561 384 α’μύμονος
596 326 750 387 ἕρκεος
784 321 941 385 αὕλῆς,
980 328 1034 373 cf.
1069 329 1124 372 de
1159 330 1282 373 aedd.
1310 329 1357 382 1,
1392 332 1447 373 26
1483 338 1527 372 et
1554 329 1618 381 11,
1659 331 1710 372 15
1747 337 1846 387 post
1883 331 2026 382 med.;
2062 331 2116 376 de
2154 331 2284 376 verbo
2312 329 2559 387 περίβαλλε
2587 338 2731 375 autem

331 415 369 444 v.
397 402 481 444 466
519 414 616 443 cum
651 398 842 456 genitivo
882 390 1041 443 θόλοιο
1068 401 1296 456 conjuncto
1326 401 1562 459 comparari
1593 399 1763 458 quidem
1791 409 1932 458 potest
1959 400 2009 444 Il.
2041 400 2105 453 V,
2137 405 2185 445 21
2219 402 2454 461 περιβῆναι
2487 395 2735 460 α’δελφειοῦ

330 468 575 526 κταμένοιο,
604 470 680 515 sed
708 485 887 528 prorsus
912 471 1058 515 similis
1086 472 1156 516 ille
1185 472 1306 517 locus
1334 488 1418 516 non
1449 480 1540 525 est3
1567 473 1719 516 melius
1747 472 1877 529 igitur
1895 471 2072 515 Parisini
2102 472 2286 518 editores
2306 474 2489 519 thesauri
2508 474 2564 518 H.
2583 473 2730 531 Steph.

331 543 386 588 ad
413 543 517 587 illud
545 539 792 601 περίβαλλε
819 539 984 606 θᾷλοιο
1010 543 1309 602 explicandum
1339 544 1575 587 attulerunt
1603 546 1644 595 6,
1672 547 1725 588 68
1753 543 1861 600 περὶ
1887 541 2073 594 σπείους
2090 562 2145 581 =
2164 544 2271 601 περὶ
2298 544 2447 595 σπέος.
2484 544 2602 589 Male
2629 560 2731 588 vero

329 616 541 671 interpres
570 614 729 658 latinus
759 616 801 657 in
831 614 897 658 ed.
923 615 1102 658 Homeri
1130 615 1321 658 Parisina
1349 614 1497 658 Didot.
1530 618 1634 658 1837
1664 615 1845 659 reddidit
1876 614 2056 657 »funem
2083 629 2137 658 ex
2166 615 2364 659 columna
2392 631 2549 660 nexum
2578 631 2731 674 magna

329 685 458 738 tholi,
486 685 534 729 iis
563 684 860 743 circumjecitu.
919 685 1072 742 Neque
1107 685 1218 729 enim
1261 694 1427 729 constat
1465 685 1570 728 tholi
1607 686 1739 730 fuisse
1780 686 2023 737 columnas,
2059 701 2198 744 neque
2225 700 2293 729 res
2321 686 2415 744 ipsa
2443 688 2653 744 postulat,
2681 697 2729 731 ut

329 772 402 801 eas
444 757 669 814 fingamus.
725 756 955 800 Passovius
996 756 1146 812 (idque
1173 756 1301 799 miror
1327 756 1369 799 in
1399 756 1464 800 ed.
1493 756 1561 799 5¹²⁸
1588 758 1813 815 repetitum
1842 757 1955 813 esse)
1987 757 2118 800 verba
2144 754 2241 808 νεὸς
2274 754 2613 815 κυανοπρώροιο
2644 774 2729 802 non

329 843 428 873 cum
458 827 722 886 ,πεῖσμα“,
760 827 835 870 sed
865 843 965 871 cnm
995 826 1206 884 „velovoc‘
1237 827 1512 885 conjunxisse
1543 829 1712 872 videtur
1744 829 1980 888 »Daqeqen
2007 829 2066 872 ise
2092 843 2136 872 es
2165 827 2305 886 (κίων)
2335 829 2411 873 Od.
2438 830 2521 881 22,
2547 830 2640 872 466
2668 833 2729 873 ein

328 900 499 959 ffeiler
531 915 600 943 am
627 898 823 957 Seeuser,
861 915 914 943 an
953 902 1043 943 dem
1071 900 1138 943 die
1164 899 1319 957 Schg'ffe
1343 899 1633 957 festqebunden
1660 902 1871 944 werden«.
1926 902 2124 945 Fortasse
2149 901 2368 959 egregium
2398 901 2534 944 virum
2563 901 2728 953 fefellit,

329 972 445 1031 quod
474 970 722 1015 Schneider.
752 971 960 1029 Epimetr.
987 972 1031 1015 iu
1060 971 1335 1028 Xenophont.
1364 972 1495 1014 Mem.
1533 974 1649 1021 1801,
1680 987 1720 1026 p.
1741 974 1822 1014 277
1852 973 1905 1015 ad
1937 974 2041 1015 haec
2070 973 2198 1015 verba
2226 973 2448 1031 adscripsit
2475 988 2486 1015 z
2518 972 2729 1017 »Videtur

328 1046 451 1088 locus
479 1043 550 1087 ille
578 1043 709 1086 fuisse
737 1052 896 1089 extra
923 1043 1075 1088 aulam.
1132 1043 1241 1087 Nam
1272 1051 1315 1086 et
1343 1043 1626 1087 Melambium
1654 1052 1800 1098 postea
1830 1044 2022 1100 plectens
2050 1045 2334 1088 Telemachus
2361 1045 2550 1087 conclavi
2585 1044 2728 1087 educit

325 1109 428 1174 ἦγον
454 1110 538 1158 ciui
564 1110 711 1173 πρόθ.
741 1127 791 1157 τε
827 1114 902 1158 καὶ
931 1107 1104 1172 αὔλήνει.
1161 1114 1246 1159 Sed
1276 1114 1380 1160 haec
1409 1116 1602 1172 proxima
1631 1114 1758 1159 verba
1781 1114 1871 1171 jam
1902 1117 1961 1167 11,
1990 1133 2031 1173 p.
2066 1121 2116 1160 18
2143 1118 2311 1167 rectius,
2342 1119 2491 1171 credo,
2521 1117 2727 1174 expedivi,

328 1187 454 1230 κίονα
482 1195 625 1230 autem
654 1192 730 1238 22,
754 1189 837 1230 466
866 1187 963 1230 aula
989 1186 1191 1230 inclusam
1220 1186 1349 1230 fuisse
1375 1187 1461 1243 jam
1492 1186 1570 1230 hae
1599 1186 1652 1230 de
1681 1201 1810 1230 causa
1838 1187 2055 1241 adducor,
2086 1188 2184 1247 quia
2212 1198 2333 1246 porta
2361 1189 2485 1232 aulae
2516 1205 2598 1232 non
2627 1196 2727 1233 ante

328 1264 407 1311 23,
437 1262 521 1302 370
547 1265 698 1316 aperta
726 1267 787 1302 est
816 1258 886 1313 (cf.
916 1261 992 1310 23,
1025 1260 1099 1301 137
1130 1274 1220 1316 sqq.
1251 1267 1293 1303 et
1323 1259 1375 1302 de
1402 1259 1523 1303 aedd.
1551 1258 1586 1309 Ι,
1620 1260 1668 1302 17
1698 1259 1827 1316 paulo
1857 1268 1957 1303 ante
1986 1261 2126 1314 med.).
2183 1262 2405 1305 Rationem
2447 1263 2604 1317 ipsam,
2644 1277 2727 1318 qua

326 1331 442 1375 funis
471 1333 541 1375 ille
578 1344 769 1374 annexus
810 1330 960 1382 fuerit,
998 1330 1213 1387 explicant
1242 1331 1373 1374 schol.
1404 1330 1457 1384 Q.
1487 1330 1539 1374 ad
1568 1346 1607 1373 v.
1637 1332 1714 1374 471
1756 1330 1904 1388 (supra
1932 1332 1999 1384 11,
2032 1336 2081 1375 15
2112 1341 2206 1389 post
2234 1332 2364 1389 med.)
2402 1341 2445 1376 et
2486 1333 2726 1375 accuratius

328 1405 506 1448 Faesius
544 1404 598 1446 ad
635 1403 775 1459 ipsum
815 1417 987 1445 versum
1016 1406 1111 1446 466.
1142 1428 1194 1435 —
1222 1428 1276 1434 —-
1307 1406 1383 1447 ad
1412 1403 1465 1459 c)
1496 1399 1691 1445 Ancillae
1731 1401 1927 1446 innoxiae
1964 1418 2004 1446 v,
2034 1406 2114 1447 497
2158 1418 2212 1447 ex
2251 1404 2375 1446 domo
2412 1404 2632 1447 mulierum
2670 1404 2723 1447 ad

328 1490 481 1519 oeeum
516 1475 702 1518 virorum
741 1481 1008 1518 accesserunt
1045 1489 1129 1516 non
1166 1488 1243 1531 per
1280 1474 1456 1517 alteram
1496 1474 1611 1518 illam
1646 1476 1815 1531 januam
1844 1476 1963 1530 (δ’),
2004 1491 2114 1532 quae
2153 1476 2196 1518 in
2237 1468 2406 1533 λαύραν
2435 1477 2635 1527 ducebat,
2678 1485 2726 1519 ut

329 1547 544 1603 Euryclea
571 1553 614 1591 et
643 1546 796 1590 noxiae
824 1560 971 1589 servae
1000 1545 1070 1596 (cf.
1100 1560 1231 1602 supra
1249 1561 1291 1602 p.
1312 1547 1379 1596 67,
1409 1562 1448 1588 v.
1470 1549 1523 1588 29
1543 1561 1632 1603 sqq.
1653 1555 1696 1588 et
1726 1562 1769 1603 p.
1786 1549 1838 1588 69
1858 1550 1934 1591 ad
1955 1550 2027 1599 b),
2056 1546 2131 1590 sed
2159 1561 2234 1603 per
2258 1547 2528 1604 principalem
2558 1547 2726 1590 aedium

327 1618 552 1661 mulierum
574 1618 765 1673 januam,
796 1632 924 1674 quam
953 1624 1043 1658 tum
1073 1615 1246 1659 demum
1276 1615 1533 1674 patefactam
1563 1631 1655 1660 esse
1682 1632 1810 1673 supra
1825 1619 1912 1675 jam
1942 1632 1995 1661 ex
2024 1617 2163 1662 verbis
2193 1634 2232 1662 v.
2251 1622 2334 1661 484
2362 1606 2547 1669 πάσας
2573 1634 2610 1661 κ.
2629 1635 2667 1661 τ.
2687 1618 2725 1663 λ.

327 1690 533 1747 suspicati
563 1705 723 1732 sumus.
744 1713 798 1721 —
816 1688 1041 1732 Phemium
1070 1697 1112 1732 et
1133 1689 1380 1732 Medontem
1410 1704 1488 1747 per
1518 1689 1789 1746 principalem
1819 1689 1909 1733 oeci
1937 1689 2125 1733 virorum
2151 1690 2328 1747 januam
2360 1706 2398 1733 v.
2419 1693 2499 1734 376
2526 1689 2574 1735 ἐκ
2589 1683 2727 1748 φόνου

328 1758 395 1813 εἷς
420 1752 556 1819 αι’·λήν
584 1762 735 1804 missos
763 1775 867 1811 esse,
895 1775 1024 1816 supra
1049 1775 1090 1816 p.
1112 1764 1180 1810 68,
1210 1775 1247 1802 v.
1274 1762 1325 1801 25
1344 1759 1675 1815 significavimus
1691 1777 1703 1812 ;
1732 1762 1855 1803 etiam
1885 1762 1937 1805 de
1965 1762 2072 1812 loco,
2104 1776 2189 1819 quo
2219 1762 2383 1804 steterit
2412 1761 2610 1804 Phemius
2630 1765 2726 1813 333,

329 1833 428 1876 coll.
456 1836 562 1885 341,
597 1847 728 1891 supra
754 1831 812 1883 ΙΙ,
851 1847 893 1890 p.
920 1835 974 1874 23
1005 1838 1102 1889 post
1130 1831 1239 1874 med.
1271 1831 1398 1887 (adde
1428 1848 1471 1889 p.
1498 1832 1553 1874 54
1581 1833 1706 1887 extr.)
1735 1832 2054 1889 disputavimus.
2112 1834 2253 1886 Quam
2285 1832 2393 1875 viam
2424 1840 2563 1876 autem
2595 1833 2725 1876 citha-

328 1906 431 1949 rista
458 1905 619 1955 inisset,
647 1904 681 1947 si
708 1920 747 1946 v.
776 1907 857 1947 334
887 1897 1014 1954 ἑκδός
1038 1896 1251 1960 μεγάροιο
1281 1918 1361 1960 per
1389 1900 1653 1959 όρσοθυ’ραν
1679 1904 1730 1946 ad
1758 1918 1871 1947 aram
1892 1904 1921 1946 J
1925 1904 2014 1946 ovis
2032 1904 2073 1946 in
2095 1905 2236 1946 aulam
2258 1906 2490 1962 confugere
2512 1906 2726 1957 voluisset,

327 1977 436 2020 infra
464 1993 504 2035 p.
535 1978 600 2032 71,
629 1993 668 2019 v.
698 1983 725 2018 4
754 1976 805 2019 ab
831 1976 904 2019 inf.
935 1990 989 2020 m.
1018 1975 1250 2033 apparebit.

466 2050 566 2104 Age
585 2062 700 2102 vero,
732 2047 981 2090 Ulixearum
1011 2046 1194 2104 partium
1224 2045 1353 2089 rebus
1383 2045 1599 2095 absolutis,
1631 2061 1895 2101 quaeramus,
1926 2062 2012 2104 quo
2041 2048 2168 2089 modo
2198 2047 2315 2104 proci
2343 2055 2384 2090 et
2413 2047 2552 2090 socius
2580 2062 2724 2091 eorum

325 2119 590 2164 Melanthius
633 2127 711 2162 aut
737 2118 926 2176 effugere
955 2125 1030 2161 aut
1059 2116 1178 2160 Ulixi
1208 2117 1364 2160 bellum
1395 2132 1545 2172 parare
1576 2116 1715 2159 conati
1740 2118 1833 2160 sint.
1888 2117 1939 2160 In
1970 2118 2060 2175 ipsa
2088 2118 2224 2175 prima
2252 2134 2394 2174 pugna
2423 2119 2721 2175 Eurymachus

324 2206 479 2250 procos
509 2207 544 2233 v.
578 2192 629 2235 ⁷5
659 2207 750 2248 sqq.
785 2190 1011 2249 appellat:
1053 2186 1131 2233 ἐπὶ
1175 2188 1213 2232 δ’
1236 2182 1359 2245 αὐτῷ
1396 2181 1560 2239 πάντες
1595 2185 1762 2241 ἔχωμεν
1786 2181 1992 2245 Ἀθρὸοι,
2032 2188 2078 2231 εἴ
2116 2188 2164 2232 κέ
2196 2205 2273 2242 μιν
2309 2184 2446 2232 οόδοῦ
2482 2183 2721 2241 α’πιόσομεν

324 2258 407 2319 η’δὲ
444 2256 649 2320 θυράων,
675 2257 912 2313 ’Ἐλθωμεν
950 2260 988 2302 δ’
1017 2254 1100 2302 dvo}
1136 2254 1269 2303 ἄστυ·
1308 2256 1391 2318 βοή
1426 2261 1464 2304 δ’
1483 2252 1653 2303 ὤκιστα
1690 2259 1861 2315 γένοιτο.
1920 2260 2087 2313 Quodsi
2124 2260 2261 2319 primo
2300 2277 2526 2318 procorum
2564 2262 2724 2319 impetu

325 2334 500 2392 repulso
530 2334 723 2391 Agelaus
754 2349 793 2375 v.
828 2337 904 2376 132
934 2346 1089 2390 procos
1118 2331 1174 2374 sic
1204 2331 1431 2389 alloquitur
1459 2348 1469 2374 :
1503 2323 1581 2375 »Ὠ
1609 2330 1757 2388 φίλοι,
1791 2326 1872 2376 ουίι
1903 2326 1955 2376 ἂν
1983 2325 2037 2391 δή
2066 2348 2135 2384 τις
2163 2327 2227 2376 a'r’
2254 2326 2508 2391 ὀρσοθύρην
2535 2328 2724 2391 α’ναβαίη

327 2406 419 2451 Καὶ
458 2400 620 2450 εἴποι
660 2405 877 2455 λαοῖσι,
918 2402 1022 2461 βοή
1065 2398 1328 2446 δ’ὤκιστα
1362 2403 1628 2459 γένοιτο;ιι
1676 2414 1718 2446 et
1752 2405 1841 2464 ipse
1878 2421 2013 2449 unum
2052 2420 2075 2450 e
2114 2406 2253 2464 procis
2282 2421 2358 2464 per
2386 2398 2644 2463 ὄρσοθύραν
2670 2406 2722 2451 ἱιι

326 2479 510 2524 urbem
541 2492 713 2523 currere
739 2484 783 2522 et
810 2477 968 2521 auxilia
996 2476 1095 2519 inde
1125 2491 1338 2519 arcessere
1360 2478 1514 2533 jubere
1546 2477 1725 2518 videtur.
1778 2477 1907 2520 Certe
1936 2480 1978 2520 in
2012 2477 2150 2522 verbis
2179 2484 2333 2536 poetae
2362 2477 2464 2521 nihil
2493 2477 2616 2530 inest,
2646 2493 2724 2522 cur

329 2550 467 2596 Vossii
496 2551 745 2596 sententiam
775 2550 1028 2609 (Morqenbl.
1057 2567 1098 2593 n.
1128 2550 1232 2601 329,
1261 2551 1370 2606 Auq.
1395 2550 1524 2599 1857,
1550 2565 1597 2605 p.
1623 2549 1726 2602 761)
1755 2550 1980 2605 probemus
2012 2550 2145 2593 »Man
2173 2552 2307 2604 millite
2334 2550 2454 2592 dabei
2479 2550 2586 2593 auch
2614 2552 2726 2595 nicht

325 2626 562 2682 ves-qesten,
607 2623 708 2678 dass
751 2622 821 2665 die
855 2622 1049 2679 Treppen
1090 2622 1175 2679 auf
1212 2622 1282 2664 die
1323 2622 1464 2664 oberen
1502 2612 1737 2673 θαλάμους
1771 2622 2085 2674 (ΒαοῘιιίηιηιεν
2121 2621 2222 2665 oder
2249 2620 2426 2677 B’o‘den)
2465 2637 2538 2665 von
2572 2626 2721 2678 ausleert

322 2712 436 2756 qam
461 2699 518 2739 im
545 2695 695 2738 Freien
724 2695 1090 2753 hinaqfqeqanqen
1117 2698 1269 2744 weit-en,
1296 2693 1385 2736 und
1411 2695 1510 2749 dass
1536 2695 1626 2735 also
1655 2694 1721 2735 ein
1749 2694 1906 2749 Fret‘er,
1939 2695 2014 2737 der
2041 2694 2173 2737 durch
2202 2694 2270 2736 die
2297 2686 2527 2750 ὀρσοθύρη
2555 2695 2721 2737 hirtam-

323 2767 537 2825 soltlilpfle,
565 2770 656 2822 aus
673 2766 764 2809 eine
791 2765 922 2808 solche
948 2767 1101 2822 Treppe
1127 2765 1320 2821 sprinqen
1347 2764 1439 2807 und
1463 2780 1540 2807 von
1570 2763 1630 2806 da
1656 2766 1752 2806 oben
1780 2765 1901 2808 hinab
1942 2765 2043 2821 auf
2074 2765 2165 2808 dio
2208 2764 2333 2807 Stra
2330 2769 2373 2822 s
2372 2781 2428 2808 ss
2470 2769 2720 2810 eckreien

323 2839 513 2882 konnteu.
569 2837 710 2891 Quam
747 2835 949 2879 rationem
993 2837 1026 2879 si
1065 2836 1119 2878 ad
1149 2835 1499 2878 deformationem
1531 2834 1782 2878 Vossianam
1814 2838 1879 2879 ed.
1909 2845 2180 2893 stereotypae
2209 2837 2416 2892 adjectam
2446 2837 2725 2881 accomodare

327 2911 449 2962 velis,
479 2910 604 2953 verba
632 2925 672 2952 v,
707 2911 784 2952 137
818 2907 924 2952 »καὶ
956 2901 1168 2966 ἀργαλέον
1196 2900 1372 2960 στόμα
1399 2899 1602 2966 λαύρηςα
1635 2922 1743 2958 non,
1782 2915 1831 2951 ut
1862 2908 2041 2952 Vossius
2069 2909 2137 2950 ed.
2169 2916 2338 2951 stereot.
2366 2909 2407 2950 in
2437 2908 2721 2964 explicatione

323 2982 668 3031 deformationis,
718 2982 771 3023 ad
813 2981 978 3024 literam
1020 2984 1046 3024 t
1087 2980 1251 3024 referre
1293 2980 1452 3036 poteris
1494 2979 1625 3038 (nam
1667 2977 1999 3024 difficilem
2045 2979 2206 3024 exitum
2250 2973 2420 3037 λαύρας
2460 2980 2720 3024 Melanthius

322 3055 478 3111 Agelai
517 3054 751 3098 sententiae
787 3068 1001 3111 opponere
1035 3068 1120 3096 non
1165 3053 1328 3110 potuit,
1366 3054 1443 3095 nisi
1481 3053 1595 3096 idem
1635 3051 1772 3093 exitus
1815 3051 2046 3094 secundum
2092 3051 2247 3108 Agelai
2285 3052 2536 3095 sententiam
2584 3059 2720 3094 trans-

323 3128 493 3171 eundus
537 3125 739 3180 fuisset),
796 3126 870 3167 sed
917 3125 1082 3168 literam
1131 3128 1180 3176 t,
1227 3120 1330 3167 ὁδόν
1374 3122 1420 3174 ἐς
1463 3116 1653 3182 λαύρην,
1711 3122 1922 3166 discernes
1971 3139 1995 3167 a
2044 3117 2232 3178 στόματι
2289 3118 2478 3180 λαύρης,
2538 3130 2720 3180 angusta

323 3197 397 3242 illa
438 3197 612 3255 portula
659 3212 714 3240 ex
755 3196 796 3239 D
842 3196 895 3239 ad
937 3200 963 3240 t
1001 3204 1043 3240 et
1083 3211 1136 3240 ιι.
1209 3196 1390 3239 Vossius
1432 3197 1523 3252 ipse
1564 3194 1696 3250 igitur
1739 3195 1977 3250 opinionem
2024 3195 2133 3236 hanc
2177 3196 2231 3239 de
2271 3195 2456 3239 clamore
2498 3207 2552 3237 ex
2595 3194 2722 3239 scalis

323 3269 403 3314 illis
439 3268 627 3313 tollendo
664 3274 814 3327 postea
853 3266 1111 3324 improbasse
1154 3266 1332 3311 videtur.
1368 3292 1410 3300 —
1454 3266 1519 3310 Ut
1554 3281 1656 3308 vero
1694 3266 1821 3309 verba
1853 3270 1930 3310 132
1959 3282 2042 3324 sq..
2081 3280 2191 3324 quae
2235 3272 2377 3323 supra·
2406 3266 2717 3324 exscripsimus,

325 3348 444 3385 recte
483 3340 800 3397 intelligantur,
837 3347 881 3383 et
918 3339 1156 3385 meminisse
1193 3345 1360 3396 oportet
1388 3354 1540 3397 procos
1571 3339 1624 3382 de
1653 3337 1776 3382 aulae
1803 3348 1925 3395 porta
1955 3353 2030 3397 per
2057 3337 2316 3382 Philoetium
2344 3339 2421 3388 21,
2459 3340 2541 3381 389
2570 3338 2716 3382 clausa
